2148 3204
251 123 318 177 54
789 135 841 172 P.
891 131 1148 170 VERGILI
1186 129 1466 168 MARONIS

258 277 373 326 Troy
385 276 502 327 falls
525 275 612 315 like
634 286 661 314 α
683 274 917 314 mountain
940 273 1035 313 ash.

317 362 450 408 Tum
476 375 597 406 vero
622 374 772 406 omne
797 358 926 404 mihi
952 357 1122 404 visum
1148 355 1415 404 considere
1442 354 1494 402 in
1521 353 1657 415 ignis

250 448 410 495 Ilium
443 451 494 495 et
521 462 583 495 ex
602 446 706 493 imo
731 445 865 493 verti
890 444 1160 506 Neptunia
1186 443 1372 503 Troia3

250 551 308 583 ac
333 533 499 582 veluti
526 533 742 581 summis
769 528 1035 594 antiquam
1063 530 1118 577 in
1144 529 1406 577 montibus
1433 545 1615 577 ornum

250 638 369 670 cum
393 622 533 669 ferro
559 620 779 668 accisam
805 618 1102 680 crebrisque
1128 616 1440 679 bipennibus
1466 616 1670 663 instant

251 724 426 758 eruere
454 708 709 770 agricolae
737 706 989 766 certatim,
1017 705 1111 752 illa
1135 720 1299 767 usque
1326 704 1556 751 minatur

251 802 303 845 et
326 797 636 844 tremefacta
661 811 859 843 comam
887 808 1134 841 concusso
1160 791 1353 839 vertice
1378 796 1545 851 nutat,

250 884 549 932 volneribus
576 883 735 930 donec
761 880 1016 945 paulatim
1043 880 1215 927 evicta
1241 894 1538 941 supremum

250 971 548 1032 congemuit
573 970 838 1031 traxitque
865 968 1000 1029 iugis
1027 967 1205 1015 avolsa
1229 967 1446 1014 ruinam.

251 1059 522 1107 Descendo
546 1073 606 1105 ac
631 1058 850 1104 ducente
876 1056 971 1102 deo
996 1055 1257 1102 flammam
1282 1054 1419 1101 inter
1444 1058 1496 1101 et
1521 1052 1688 1102 hostis

251 1145 531 1208 expedior3
571 1145 699 1192 dant
724 1143 830 1191 tela
853 1142 1024 1190 locum
1046 1142 1385 1204 flammaeque
1410 1141 1674 1206 recedunt.

251 1311 468 1351 Anchises
488 1311 657 1362 refuses
676 1315 718 1350 to
742 1311 874 1349 leave.

317 1407 494 1470 Atque
518 1406 610 1455 ubi
635 1406 736 1453 iam
764 1404 963 1468 patriae
988 1407 1295 1467 perventum
1321 1404 1388 1451 ad
1413 1403 1596 1451 limina
1622 1403 1760 1452 sedis

252 1494 598 1556 antiquasque
624 1493 817 1552 domos,
847 1491 1064 1552 genitor⁷
1092 1507 1246 1553 quem
1272 1491 1455 1538 tollere
1481 1491 1536 1537 in
1561 1491 1693 1539 altos

252 1582 494 1645 optabam
520 1581 741 1643 primum
769 1579 961 1627 montis
988 1579 1318 1641 primumque
1349 1579 1604 1641 petebam,

253 1670 474 1730 abnegat
501 1668 673 1716 excisa
708 1667 871 1714 vitam
905 1667 1187 1728 producere
1221 1666 1377 1713 Troia

253 1756 598 1818 exsiliumque
624 1754 750 1818 pati.
829 1754 966 1801 ‘Vos
994 1769 1036 1813 Ο,
1065 1754 1254 1815 quibus
1280 1753 1480 1815 integer
1505 1753 1620 1801 aevi

254 1845 498 1906 sanguis,⁷
533 1844 621 1904 ait,
650 1848 662 1872 ‘
683 1843 980 1904 solidaeque
1007 1858 1100 1890 suo
1125 1847 1267 1891 stant
1292 1843 1470 1890 robore
1496 1842 1647 1904 vires,

254 1949 344 1980 vos
370 1933 563 1992 agitate
590 1932 784 1992 sugam.
1200 1925 1211 1931 ”

254 2021 341 2067 Me
368 2019 412 2067 si
438 2019 708 2066 caelicolae
735 2018 1023 2066 voluissent
1050 2018 1236 2066 ducere
1261 2018 1437 2078 vitam,

254 2107 348 2155 has
375 2107 503 2153 mihi
531 2111 827 2154 servassent
853 2106 1014 2154 sedes.
1091 2106 1229 2153 Satis
1253 2122 1359 2153 una
1384 2121 1638 2168 superque

254 2194 482 2242 vidimus
508 2193 711 2241 excidia
735 2199 786 2241 et
811 2197 992 2255 captae
1019 2193 1376 2255 superavimus
1406 2193 1537 2241 urbi.

258 2281 342 2329 Sic
370 2298 398 2328 o
423 2281 497 2328 sic
523 2281 750 2343 positum
778 2280 946 2328 adfati
974 2280 1225 2328 discedite
1251 2296 1450 2342 corpus.

257 2369 379 2431 Ipse
404 2384 561 2415 manu
585 2373 802 2414 mortem
828 2367 1120 2428 inveniam3
1160 2368 1488 2415 miserebitur
1511 2367 1679 2416 hostis

257 2455 573 2517 exuviasque
594 2459 748 2516 petet.
823 2455 1014 2502 Facilis
1037 2454 1236 2502 iactura
1261 2455 1534 2517 sepulchri.

258 2544 370 2590 Iam
396 2542 596 2605 pridem
624 2542 824 2589 invisus
852 2542 986 2589 divis
1014 2547 1065 2588 et
1090 2541 1294 2590 inutilis
1321 2558 1482 2590 annos

257 2631 507 2688 demoror,
535 2644 597 2675 ex
619 2645 719 2690 quo
744 2645 824 2675 me
851 2629 1028 2675 divum
1056 2635 1202 2690 pater
1228 2633 1381 2690 atque
1406 2628 1672 2676 hominum
1700 2646 1790 2677 rex

259 2714 498 2763 fulminis
524 2714 739 2763 adflavit
765 2715 934 2764 ventis
962 2719 1012 2762 et
1038 2714 1257 2776 contigit
1282 2715 1422 2776 igni!

1934 448 2006 484 625

1934 886 2008 925 630

1935 1501 2008 1538 635
