2148 3204
248 186 350 237 166
699 179 702 183 ’
789 198 842 236 P.
893 197 1147 236 VERGILI
1185 197 1465 234 MARoms

245 344 299 387 at
325 355 524 386 ramum
549 337 717 385 hunc’
741 336 928 400 (aperit
952 353 1167 397 ramum,
1195 325 1285 398 qui
1310 340 1454 383 veste
1478 333 1696 399 latebat)

247 432 259 454 ‘
277 425 648 487 adgnosoaijr
665 424 888 472 Tumida
914 441 976 472 ex
1001 424 1078 471 ira
1102 429 1213 471 tum
1236 423 1389 470 corda
1412 422 1663 469 residunt.

245 514 295 560 N
299 529 354 560 ec
381 513 532 576 plura
557 512 654 560 his.
729 512 828 559 Ille
855 511 1115 558 admirans
1141 509 1437 558 venerabile
1464 509 1654 556 donum

245 601 424 649 fatalis
450 600 642 660 virgae,
670 599 823 660 longo
850 604 967 661 post
992 603 1223 660 tempore
1249 597 1436 657 visum,

245 688 532 736 caeruleam
559 687 788 735 advertit
811 685 1029 759 puppim
1057 684 1303 747 ripaeque
1330 683 1656 746 propinquat.

246 777 376 823 Inde
403 775 531 823 alias
560 775 775 834 animas,
803 767 933 835 quae
960 789 1051 835 per
1076 773 1199 833 iuga
1223 772 1377 833 longa
1403 751 1666 831 sedebant,

245 864 486 911 deturbat
515 863 762 924 laxatque
789 861 959 922 foros3
1000 859 1154 908 simul
1181 858 1370 922 accipit
1396 857 1543 906 alveo
1563 856 1576 882 ¹

244 951 509 1012 ingentem
537 951 784 998 Aeneam.
857 948 1070 997 Gemuit
1097 948 1192 995 sub
1217 947 1444 1010 pondere
1469 945 1654 992 cumba

244 1038 417 1086 sutilis
444 1043 496 1085 et
522 1037 741 1084 multam
767 1035 966 1098 accepit
991 1035 1181 1082 rimosa
1206 1033 1464 1097 paludem.

246 1127 477 1174 Tandem
503 1130 649 1172 trans
676 1124 894 1171 fluvium
920 1122 1193 1170 incolumis
1219 1126 1495 1185 vatemque
1523 1119 1794 1182 virumque

243 1212 458 1261 informi
484 1213 608 1259 limo
635 1211 917 1273 glaucaque
943 1208 1158 1272 exponit
1182 1210 1236 1256 in
1261 1208 1399 1256 ulva.
1519 1197 1522 1200 Δ

251 1377 466 1419 Cerberus
489 1378 528 1416 is
549 1377 684 1417 lulled
711 1381 753 1416 to
777 1377 906 1425 εἶθαρ.

313 1475 564 1523 Cerberus
591 1472 718 1520 haec
744 1472 927 1532 ingens
953 1469 1150 1518 latratu
1175 1485 1334 1530 regna
1356 1467 1569 1516 trifauci

245 1566 503 1625 personat,
533 1561 750 1608 adverso
776 1558 1025 1606 recubans
1052 1557 1295 1604 immanis
1321 1556 1375 1603 in
1401 1561 1575 1603 antro.-

247 1649 343 1697 Cui
366 1655 525 1708 vates,
552 1648 760 1694 horrere
785 1645 968 1693 videns
995 1644 1097 1692 iam
1124 1644 1258 1691 colla
1282 1640 1521 1703 colubris,

247 1736 398 1784 melle
420 1740 713 1798 soporatam
739 1741 790 1782 et
815 1732 1086 1780 medicatis
1106 1731 1344 1791 frugibus
1370 1714 1541 1777 offaln

247 1823 420 1872 obicit.
492 1822 591 1870 Ille
617 1822 755 1869 fame
782 1820 964 1868 rabida
988 1819 1091 1866 tria
1116 1823 1329 1880 guttura
1352 1818 1584 1881 pandens

246 1910 463 1974 corripit
489 1909 743 1957 obiectam
769 1913 924 1970 atque
950 1904 1200 1954 immania
1224 1911 1371 1966 terga
1395 1904 1612 1952 resolvit

247 2000 396 2047 fusus
423 1997 568 2045 humi
594 2002 804 2058 totoque
830 1993 1337 2056 ingens.extenditur
1363 1999 1527 2039 antro.

249 2087 479 2148 Occupat
505 2085 708 2132 Aeneas
735 2082 930 2130 aditum
959 2080 1171 2128 custode
1199 2079 1403 2141 sepulto

249 2173 527 2236 evaditque
547 2171 681 2219 celer
706 2171 873 2234 ripam
898 2166 1248 2216 inremeabilis
1276 2166 1459 2214 undae.

257 2340 343 2380 The
365 2339 516 2390 yhosts
537 2338 589 2389 os
603 2337 723 2376 chose
745 2335 887 2374 whose
908 2333 1037 2373 death
1059 2344 1150 2372 was
1170 2332 1395 2380 untimely.

319 2432 578 2483 Continuo
603 2431 810 2479 auditae
832 2444 983 2476 voces
1008 2426 1212 2488 vagitus
1242 2431 1293 2473 et
1318 2425 1501 2485 ingens

251 2523 617 2582 infantumque
641 2518 843 2565 animae
868 2515 1065 2575 fientes,
1089 2513 1141 2560 in
1167 2512 1347 2559 limine
1368 2512 1537 2574 primo

253 2627 380 2674 quos
407 2609 574 2657 dulcis
602 2607 738 2654 vitae
765 2604 987 2652 exsortis
1013 2608 1065 2650 et
1090 2602 1153 2650 ab
1180 2602 1332 2649 ubere
1359 2606 1534 2663 raptos

253 2698 470 2747 abstulit
496 2701 609 2744 atra
633 2694 743 2741 dies
769 2697 822 2740 et
845 2692 1029 2738 funere
1056 2688 1237 2736 mersit
1263 2688 1469 2736 acerbO..

255 2787 367 2834 Hos
394 2785 542 2831 iuxta
566 2780 700 2829 falso
725 2777 956 2827 damnati
982 2776 1195 2824 crimine
1223 2776 1420 2823 mortis.

1027 2884 1062 2922 1.
1098 2869 1226 2920 αιυῶ.

1930 691 2002 727 410

1932 1129 2004 1165 415

1931 1729 2004 1766 420
