2148 3204
254 148 323 200 96
791 160 848 199 P.
892 159 1150 198 VERGILI
1189 159 1469 196 MARoms

253 299 444 363 aspicis
470 299 596 347 haee
615 300 640 347 ⁶?
711 297 796 346 An
821 303 888 360 te,
917 298 1135 360 genitor,
1163 313 1275 345 oum
1304 297 1529 345 fulmina
1551 301 1780 360 torques,

252 387 566 450 nequiquam
594 385 862 434 horremus
887 385 1128 448 caecique
1154 386 1209 432 in
1233 385 1457 433 nubibus
1484 384 1630 446 ignes

252 475 540 522 terrificant
565 474 763 522 animos
792 479 842 521 et
867 473 1044 521 inania
1069 488 1334 520 murmura
1357 474 1576 520 miscent
1598 473 1624 520 ?
1936 483 2006 520 210

253 562 482 622 Femina,
510 577 640 624 quae
665 561 857 609 nostris
885 576 1061 609 errans
1082 561 1137 607 in
1162 560 1353 608 finibus
1379 560 1559 608 urbem

253 650 492 711 exiguam
517 648 685 712 pretio
709 643 902 712 posuit,
917 648 1014 696 oui
1037 647 1165 696 litus
1191 640 1441 696 arandum

228 737 437 800 ·ouique
462 736 564 785 loci
587 735 727 798 leges
754 736 1009 796 dedimus,
1037 735 1258 784 conubia
1281 740 1458 784 nostra
1479 726 1482 730 ⁴

251 824 482 887 reppulit
508 840 565 872 ao
591 824 858 871 dominum
885 824 1100 871 Aenean
1126 823 1182 870 in
1206 838 1364 884 regna
1386 821 1596 886 recepit.

251 912 321 959 Et
345 928 480 959 nune
504 912 594 959 ille
620 911 770 960 Paris
797 927 913 959 oum
941 911 1185 959 semiviro
1211 910 1474 971 comitatu,
1567 941 1570 945 ›
1934 917 2008 955 215

251 999 492 1047 Maeonia
516 1004 747 1048 mentum
773 1000 930 1046 mitra
955 998 1252 1061 crinemque
1277 998 1574 1046 madentem

251 1087 518 1147 subnixus,
546 1092 695 1149 rapto
721 1084 965 1149 potitur-3:
1005 1101 1098 1133 nos
1125 1101 1339 1133 munera
1361 1084 1574 1148 templis

251 1174 445 1239 quippe
469 1173 575 1222 tuis
603 1175 821 1222 ferimus
848 1174 1148 1237 famamque
1174 1173 1410 1222 fovemus
1435 1169 1678 1220 inanem?
1779 1194 1817 1208 κ

258 1344 438 1394 Jupiter
463 1344 593 1384 sends
614 1339 883 1394 Merouryco
906 1343 1094 1384 Aeneas.

316 1439 531 1488 Talibus
558 1444 789 1488 orantem
817 1439 970 1487 dictis
997 1455 1216 1502 arasque
1249 1442 1509 1487 tenentem

250 1526 417 1575 audiit
442 1527 767 1590 omnipotens
795 1526 1072 1589 oculosque
1100 1526 1165 1574 ad
1191 1526 1396 1574 moenia
1418 1525 1574 1574 torsit
1933 1533 2008 1572 220

250 1615 392 1675 regia
416 1620 467 1662 et
493 1614 679 1663 oblitos
706 1615 877 1662 famae
903 1613 1134 1662 melioris
1162 1613 1399 1661 amantis.

251 1703 382 1749 Tum
411 1701 484 1750 sio
509 1702 826 1750 Merourium
852 1700 1178 1763 adloquitur2
1202 1716 1259 1748 ao
1284 1700 1411 1749 talia
1431 1700 1668 1748 mandat:

252 1790 424 1837 ‘Vade
451 1805 557 1850 age,
586 1795 720 1849 nate,
748 1805 873 1836 vooa
899 1789 1163 1852 Zephyros
1190 1792 1241 1836 et
1257 1787 1435 1856 ,labere
1461 1786 1638 1850 pinnis

250 1876 675 1939 Dardaniumque
701 1877 897 1936 ducem,
928 1876 1088 1939 Tyria
1113 1874 1439 1935 Karthagine
1465 1872 1556 1936 qui
1574 1888 1712 1922 nune

250 1969 517 2026 exspectat
543 1964 769 2026 fatisque
795 1964 943 2011 datas
971 1979 1074 2010 non
1101 1961 1314 2025 respicit
1338 1962 1505 2022 urbes,
1932 1969 2004 2006 225

249 2051 527 2114 adloquere
555 2056 605 2098 et
630 2051 813 2099 celeris
841 2051 986 2098 defer
1014 2066 1125 2098 mea
1151 2050 1290 2098 diota
1316 2064 1406 2111 per
1431 2063 1598 2096 auras.

249 2138 370 2185 Non
395 2139 543 2185 illum
569 2138 716 2186 nobis
744 2138 981 2200 genetrix
1010 2136 1359 2200 pulcherrima
1382 2136 1541 2184 talem

250 2225 490 2287 promisit
517 2224 835 2287 Graiumque
861 2225 976 2273 ideo
1003 2226 1081 2273 bis
1108 2225 1338 2271 vindieat
1364 2223 1536 2283 armis,

252 2313 342 2359 sed
366 2313 490 2372 fore,
519 2312 609 2375 qui
635 2312 903 2374 gravidam
930 2311 1163 2375 imperiis
1189 2310 1427 2373 belloque
1455 2311 1766 2358 frementem

250 2399 462 2447 Italiam
487 2405 701 2460 regeret,
730 2415 889 2460 genus
917 2400 1022 2447 alto
1049 2415 1079 2446 a
1106 2397 1354 2458 sanguine
1381 2397 1568 2445 Teucri
1928 2405 2002 2443 230

251 2487 489 2549 proderet
514 2502 570 2534 ao
596 2492 759 2534 totum
791 2487 884 2534 sub
910 2487 1048 2547 leges
1076 2485 1307 2532 mitteret
1333 2484 1521 2532 orbem.

251 2572 306 2621 Si
331 2573 477 2621 nulla
500 2574 732 2621 accendit
757 2578 1016 2621 tantarum
1047 2571 1212 2632 gloria
1236 2587 1405 2618 reruni

249 2676 342 2708 nee
368 2676 521 2723 super
547 2660 659 2722 ipse
687 2676 780 2707 sua
805 2659 1017 2706 molitur
1044 2659 1196 2706 laude
1221 2658 1465 2718 laborem,

250 2746 541 2796 Asoanione
567 2753 713 2810 pater
737 2748 997 2794 Romanas
1026 2745 1228 2793 invidet
1256 2761 1396 2793 aroes
1413 2747 1437 2793 ⁴?

585 2855 622 2893 1.
651 2858 828 2903 potitur.
1333 2853 1369 2891 2.
1403 2853 1660 2902 adaequitat.
