2148 3204
195 112 263 162 14
740 127 791 163 P.
843 127 1093 164 vnssotm
1131 120 1407 165 MARoms

193 279 438 326 quaerere
463 264 736 313 constituit
763 265 1018 328 sociisque
1046 270 1227 314 exacta
1251 266 1459 315 referre.

193 351 421 400 Classem
449 351 503 398 in
528 360 756 400 convexo
781 368 1045 400 nemorum
1076 353 1170 400 sub
1195 361 1320 415 rupe
1346 358 1529 401 cavata

192 438 458 487 arboribus
485 438 712 487 clausam
739 439 934 487 circum
961 446 1115 502 atque
1141 439 1471 489 horrentibus
1498 440 1695 488 umbris

191 525 412 587 occulit3
449 526 562 590 ipse
587 534 690 575 une
718 527 953 588 graditur
978 526 1254 575 comitatus
1279 526 1499 591 Achate,

191 614 314 662 bina
338 622 494 661 manu
518 613 624 662 lato
649 622 882 677 crispans
908 614 1122 662 hastilia
1146 606 1330 682 ferre.)

191 701 288 749 Cui
313 706 477 749 mater
503 701 673 749 media
699 710 808 750 sese
833 701 958 749 tulit
983 702 1136 750 obvia
1160 702 1308 763 silva,

189 787 408 849 virginis
435 796 490 836 os
517 788 856 852 habitumque
883 797 1063 851 gerens
1091 794 1142 837 et
1166 789 1385 851 virginis
1410 806 1567 853 arma,

192 876 492 938 Spartanae,
521 875 602 923 vel
628 876 798 938 qualis
826 885 984 938 equos
1011 877 1258 925 Threissa
1282 878 1474 939 fatigat

190 963 488 1026 Harpalyce
516 963 877 1026 volucremque
905 964 1032 1026 fuga
1056 965 1402 1026 praevertitur
1421 966 1670 1013 Hebrum.

118 1111 123 1115 .
188 1050 428 1112 Namque
454 1059 646 1099 umeris
672 1050 735 1098 de
761 1059 902 1099 more
927 1051 1155 1099 habilem
1183 1053 1523 1115 suspenderat
1543 1069 1718 1101 arcum

190 1142 427 1184 venatrix
454 1138 769 1200 dederatque
796 1154 990 1186 comam
1021 1139 1311 1187 diffundere
1339 1145 1525 1202 ventis,

189 1224 330 1272 nuda
354 1209 489 1286 genu
513 1226 751 1288 nodeque
779 1226 923 1274 sinus
951 1226 1166 1274 collecta
1189 1227 1416 1276 fluentis.

189 1313 265 1360 Ac
291 1312 432 1376 prior
459 1313 661 1373 ‘Heus,⁷
688 1313 875 1376 inquit,
905 1319 917 1342 ‘
938 1314 1164 1375 iuvenes,
1193 1319 1491 1376 menstrate,
1520 1323 1750 1364 mearum

191 1399 397 1448 vidistis
425 1408 470 1448 si
495 1415 648 1462 quam
675 1400 763 1447 hic
785 1406 1042 1448 errantem
1067 1402 1203 1450 forte
1230 1410 1473 1464 sororum,

190 1493 502 1538 succinctam
529 1487 772 1551 pharetra
796 1493 848 1535 et
874 1489 1163 1537 maculosae
1188 1489 1414 1552 tegmine
1438 1490 1622 1554 lyncis,

189 1580 279 1622 aut
305 1575 594 1638 spumantis
621 1583 735 1638 apri
759 1591 964 1623 cursum
990 1576 1211 1624 clamore
1232 1579 1582 1640 prementem.²

258 1663 342 1710 Sic
366 1663 557 1722 Venus,
585 1667 637 1710 et
662 1663 879 1711 Veneris
906 1669 1086 1711 contra
1111 1673 1183 1712 sic
1209 1664 1356 1713 filius
1383 1673 1557 1714 ersus:

190 1749 378 1797 ‘Nulla
402 1746 607 1797 tuarum
629 1750 812 1798 ‘audita
836 1751 968 1798 mihi
993 1767 1159 1814 neque
1186 1760 1297 1800 visa
1321 1761 1567 1814 sorerum,

190 1845 218 1885 6
237 1853 471 1899 —qnam
497 1843 549 1884 te
573 1853 863 1898 memorem,
892 1839 1037 1899 virge
1056 1841 1080 1886 ἱ)
1117 1840 1355 1902 Namque
1381 1840 1519 1888 haud
1544 1840 1641 1888 tibi
1668 1841 1840 1890 voltus

192 1924 440 1985 mortalis,
468 1940 561 1973 nec
590 1933 687 1973 vex
712 1925 971 1973 hominem
1001 1932 1176 1987 sonat3
1215 1935 1244 1975 o
1271 1927 1366 1982 dea
1390 1930 1557 1976 certe!

190 2013 273 2059 An
300 2011 498 2060 Phoebi
524 2028 664 2060 soror
686 2014 711 2060 i>
781 2013 866 2060 An
892 2014 1256 2077 Nympharum
1283 2015 1550 2084 sanguinis
1576 2023 1681 2064 sma
1700 2017 1726 2064 ⁴?

191 2099 272 2147 Sis
299 2098 429 2146 felix
454 2104 789 2161 nostrumque
814 2100 970 2161 leves,
999 2117 1365 2163 quaecumque,
1392 2101 1633 2162 laborem,

189 2191 241 2233 et
266 2194 368 2248 quo
394 2187 488 2234 sub
525 2187 665 2234 caele
691 2188 916 2247 taudem,
945 2188 1131 2250 quibus
1158 2189 1295 2236 orbis
1313 2189 1375 2235 ‘in
1400 2196 1503 2236 oris

189 2272 454 2333 iactemur,
482 2273 693 2332 doceas5
732 2274 901 2332 ignari
926 2274 1295 2336 hominumque
1322 2274 1682 2339 locorumque¹

189 2367 436 2419 erramus,
463 2365 618 2408 vento
644 2360 744 2407 huc
770 2366 931 2408 vastis
958 2366 1010 2408 et
1037 2361 1278 2409 fluctibus
1304 2367 1432 2422 act13

191 2445 356 2494 multa
379 2446 475 2493 tibi
501 2451 620 2494 ante
646 2454 759 2494 aras
785 2452 963 2495 nostra
987 2448 1135 2495 cadet
1161 2447 1332 2496 hostia
1357 2449 1568 2498 dextra!

599 2579 633 2617 1.
671 2579 968 2629 locorumque:
997 2580 1100 2618 with
1118 2592 1158 2629 -Q
1170 2592 1215 2618 uc
1235 2581 1534 2630 hypermetric.

1870 1239 1942 1276 320

1871 1677 1943 1714 325
