2148 3204
209 122 313 174 140
748 137 802 175 P.
849 137 1107 175 VERGILI
1145 137 1424 174 MARONrs

205 303 430 344 Ascanius
444 305 603 354 pleads
623 305 727 344 with
750 305 818 344 the
839 317 1021 346 women.

271 393 504 442 Nuntius
531 393 793 441 Anchisae
819 395 885 441 ad
909 394 1168 441 tumulum
1196 410 1484 458 cuneosque
1510 393 1702 443 theatri

205 481 442 530 incensas
469 481 667 545 perfert
692 482 841 529 navis
867 482 1130 542 Eumelus,
1158 487 1209 529 et
1234 482 1338 545 ipsi
1888 494 1958 531 665

205 570 491 633 respiciunt
517 574 683 617 atram
710 568 764 615 in
790 569 966 617 nimbo
992 569 1211 617 volitare
1236 569 1488 618 favillam.

204 658 411 707 Primus
438 663 490 705 et
514 657 787 717 Ascanius,
815 673 994 705 cursus
1019 663 1078 704 ut
1102 657 1270 705 laetus
1297 658 1552 720 equestris

205 746 439 807 ducebat,
467 746 539 794 sic
566 762 680 794 acer
708 761 839 808 equo
866 746 1077 793 turbata
1100 745 1291 808 petivit

204 839 385 894 castra,
413 850 504 882 nec
532 834 795 882 exanimes
825 838 1046 896 possunt
1072 835 1295 881 retinere
1320 833 1571 894 magistri.
1608 884 1610 887 ,

205 925 217 948 ‘
233 921 358 977 Quis
383 922 527 969 furor
554 922 652 970 iste
678 937 843 970 novus
864 922 888 968 ‘?
940 921 1051 978 Quo
1075 937 1226 981 nunc,
1255 936 1355 983 quo
1379 921 1630 982 tenditis,⁷
1651 920 1838 984 inquit,
1886 933 1959 970 670

204 1012 216 1035 ‘
232 1008 333 1055 heu
359 1009 575 1057 miserae
604 1009 742 1057 cives
763 1011 787 1056 ¹?
858 1009 978 1056 Non
1004 1009 1208 1056 hostem
1234 1008 1547 1070 inimicaque
1573 1014 1744 1056 castra

204 1096 472 1157 Argivum,
500 1102 699 1145 vestras
728 1112 845 1159 spes
871 1096 1039 1144 uritis.
1112 1097 1194 1143 En
1219 1112 1313 1158 ego
1338 1100 1510 1143 vester

203 1183 489 1232 Ascanius!
511 1185 523 1208 ⁷
597 1185 805 1233 Galeam
835 1189 955 1231 ante
982 1184 1138 1246 pedes
1165 1183 1383 1246 proiecit
1407 1183 1630 1244 inanem,

205 1286 306 1331 qua
330 1270 452 1318 ludo
478 1271 692 1320 indutus
720 1272 845 1319 belli
873 1271 1148 1319 simulacra
1174 1271 1354 1319 ciebat.

203 1357 474 1406 Accelerat
500 1358 654 1406 simul
681 1359 901 1419 Aeneas,
930 1358 1022 1407 sim
1033 1358 1084 1405 ul
1110 1358 1318 1420 agmina
1342 1359 1614 1406 Teucrum.
1886 1370 1960 1407 675

203 1445 304 1492 Ast
329 1445 450 1493 illae
478 1447 685 1495 diversa
709 1451 851 1494 metu
877 1462 968 1508 per
993 1446 1147 1493 litora
1171 1446 1367 1508 passim

205 1533 488 1593 diffugiunt
514 1534 776 1596 silvasque
804 1538 855 1581 et
881 1533 1047 1581 sicubi
1072 1549 1295 1581 concava
1319 1533 1506 1581 furtim

205 1636 328 1667 saxa
353 1625 567 1682 petunt3
607 1622 751 1684 piget
777 1620 974 1683 incepti
1000 1620 1249 1683 lucisque,
1278 1637 1497 1684 suosque

204 1712 432 1756 mutatae
459 1709 796 1770 adgnoscunt,
825 1724 1143 1771 excussaque
1170 1714 1375 1771 pectore
1402 1709 1535 1756 luno
1560 1713 1652 1757 est.

205 1795 305 1842 Sed
331 1811 434 1842 non
459 1796 652 1845 idcirco
678 1796 917 1843 fiammae
943 1801 1099 1858 atque
1127 1796 1368 1845 incendia
1395 1796 1524 1844 viris
1885 1808 1956 1844 680

204 1884 484 1934 indomitas
511 1901 754 1948 posuere,
795 1887 897 1933 udo
924 1886 1019 1934 sub
1044 1886 1222 1933 robore
1249 1884 1381 1931 vivit
1987 1875 1993 1882 ⁶

204 1977 394 2035 stuppa
420 1988 629 2021 vomens
656 1974 864 2021 tardum
889 1973 1106 2032 fumum,
1135 1972 1409 2033 lentusque
1435 1970 1638 2020 carinas

203 2063 282 2106 est
312 2075 485 2122 vapor,
512 2064 563 2107 et
589 2064 699 2108 toto
724 2060 995 2108 descendit
1020 2074 1229 2121 corpore
1256 2058 1433 2120 pestis,

202 2162 296 2194 nec
321 2146 457 2195 vires
483 2147 695 2195 heroum
721 2147 1000 2210 infusaque
1025 2146 1241 2194 flumina
1265 2149 1498 2209 prosunt.

211 2289 297 2328 The
307 2289 469 2338 flames
489 2302 566 2330 are
587 2291 822 2340 quenched.

269 2378 399 2424 Tum
432 2377 549 2440 pius
576 2379 778 2427 Aeneas
804 2379 996 2427 umeris
1023 2377 1319 2427 abscindere
1346 2383 1542 2426 vestem
1882 2389 1952 2426 685

202 2464 498 2526 auxilioque
525 2481 706 2513 vocare
732 2467 853 2514 deos
880 2471 931 2513 et
955 2466 1166 2513 tendere
1193 2465 1417 2528 palmas:

203 2551 471 2613 ‘Iuppiter
497 2552 838 2614 omnipotens,
868 2553 910 2600 si
936 2553 1161 2599 nondum
1190 2567 1374 2599 exosus
1401 2552 1466 2598 ad
1491 2568 1651 2599 unum

202 2638 466 2698 Troianos,
495 2638 538 2685 si
565 2639 687 2700 quid
715 2640 880 2701 pietas
907 2639 1123 2700 antiqua
1152 2638 1351 2686 labores

201 2723 412 2786 respicit
439 2724 708 2785 humanos,
736 2726 803 2773 (la
827 2725 1086 2773 flammam
1113 2727 1329 2773 evadere
1357 2726 1509 2773 classi

202 2826 349 2871 nunc,
377 2815 541 2873 pater,
568 2816 620 2859 et
645 2812 819 2859 tenuis
847 2813 1096 2860 Teucrum
1127 2829 1206 2860 res
1233 2812 1373 2875 eripe
1398 2811 1530 2871 leto;
1880 2823 1947 2858 60ss
