<?xml version="1.0" encoding="UTF-8"?>
<!DOCTYPE html PUBLIC "-//W3C//DTD XHTML 1.0 Transitional//EN"
    "http://www.w3.org/TR/xhtml1/DTD/xhtml1-transitional.dtd">
<html xmlns="http://www.w3.org/1999/xhtml" xml:lang="en" lang="en">
 <head>
  <title>
</title>
<meta http-equiv="Content-Type" content="text/html;charset=utf-8" />
  <meta name='ocr-system' content='tesseract 3.04.00' />
  <meta name='ocr-capabilities' content='ocr_page ocr_carea ocr_par ocr_line ocrx_word'/>
</head>
<body>
  <div class='ocr_page' id='page_1' title='image "./virgilsaeneidboo00virgrich_0188.png"; bbox 0 0 2148 3204; ppageno 0'>
   <div class='ocr_carea' id='block_1_1' title="bbox 224 130 1440 184">
    <p class='ocr_par' dir='ltr' id='par_1_1' title="bbox 224 130 1440 184">
     <span class='ocr_line' id='line_1_1' title="bbox 224 130 1440 184; baseline -0.008 0"><span class='ocrx_word' id='word_1_1' title='bbox 224 130 295 184; x_wconf 82' lang='lat'>98</span> <span class='ocrx_word' id='word_1_2' title='bbox 763 139 819 178; x_wconf 82' lang='lat' dir='ltr'>P.</span> <span class='ocrx_word' id='word_1_3' title='bbox 863 139 1123 178; x_wconf 81' lang='lat' dir='ltr'><strong>VERGILI</strong></span> <span class='ocrx_word' id='word_1_4' title='bbox 1161 136 1440 175; x_wconf 79' lang='lat' dir='ltr'>MARONIS</span> 
     </span>
    </p>
   </div>
   <div class='ocr_carea' id='block_1_2' title="bbox 205 275 1772 1744">
    <p class='ocr_par' dir='ltr' id='par_1_2' title="bbox 222 275 1772 1219">
     <span class='ocr_line' id='line_1_2' title="bbox 222 275 1438 344; baseline -0.006 -13"><span class='ocrx_word' id='word_1_5' title='bbox 222 282 361 331; x_wconf 90' lang='lat' dir='ltr'>ensis</span> <span class='ocrx_word' id='word_1_6' title='bbox 388 285 513 342; x_wconf 83' lang='lat' dir='ltr'>erat,</span> <span class='ocrx_word' id='word_1_7' title='bbox 540 278 802 344; x_wconf 86' lang='lat' dir='ltr'>Tyrioque</span> <span class='ocrx_word' id='word_1_8' title='bbox 829 278 1043 326; x_wconf 84' lang='lat' dir='ltr'>ardebat</span> <span class='ocrx_word' id='word_1_9' title='bbox 1067 276 1261 324; x_wconf 86' lang='lat' dir='ltr'>murice</span> <span class='ocrx_word' id='word_1_10' title='bbox 1287 275 1438 325; x_wconf 85' lang='lat' dir='ltr'>laena</span> 
     </span>
     <span class='ocr_line' id='line_1_3' title="bbox 223 363 1513 428; baseline -0.005 -11"><span class='ocrx_word' id='word_1_11' title='bbox 223 369 450 418; x_wconf 85' lang='lat' dir='ltr'>demissa</span> <span class='ocrx_word' id='word_1_12' title='bbox 477 384 542 416; x_wconf 85' lang='lat' dir='ltr'>ex</span> <span class='ocrx_word' id='word_1_13' title='bbox 568 366 776 426; x_wconf 85' lang='lat' dir='ltr'>umeris,</span> <span class='ocrx_word' id='word_1_14' title='bbox 804 366 950 414; x_wconf 85' lang='lat' dir='ltr'>dives</span> <span class='ocrx_word' id='word_1_15' title='bbox 977 380 1108 428; x_wconf 90' lang='lat' dir='ltr'>quae</span> <span class='ocrx_word' id='word_1_16' title='bbox 1136 380 1350 412; x_wconf 88' lang='lat' dir='ltr'>munera</span> <span class='ocrx_word' id='word_1_17' title='bbox 1375 363 1513 412; x_wconf 87' lang='lat' dir='ltr'>Dido</span> 
     </span>
     <span class='ocr_line' id='line_1_4' title="bbox 222 452 1333 505; baseline -0.005 0"><span class='ocrx_word' id='word_1_18' title='bbox 222 454 423 505; x_wconf 79' lang='lat' dir='ltr'>fecerat.</span> <span class='ocrx_word' id='word_1_19' title='bbox 445 460 496 503; x_wconf 90' lang='lat' dir='ltr'>et</span> <span class='ocrx_word' id='word_1_20' title='bbox 519 454 665 502; x_wconf 88' lang='lat' dir='ltr'>tenui</span> <span class='ocrx_word' id='word_1_21' title='bbox 691 453 823 501; x_wconf 89' lang='lat' dir='ltr'>telas</span> <span class='ocrx_word' id='word_1_22' title='bbox 851 452 1170 501; x_wconf 68' lang='lat' dir='ltr'><strong>discreverat,</strong></span> <span class='ocrx_word' id='word_1_23' title='bbox 1196 467 1333 500; x_wconf 87' lang='lat' dir='ltr'>auro.</span> 
     </span>
     <span class='ocr_line' id='line_1_5' title="bbox 225 538 1590 601; baseline -0.004 -9"><span class='ocrx_word' id='word_1_24' title='bbox 225 543 484 593; x_wconf 85' lang='lat' dir='ltr'>Continuo</span> <span class='ocrx_word' id='word_1_25' title='bbox 507 541 743 589; x_wconf 87' lang='lat' dir='ltr'>invadit:</span> <span class='ocrx_word' id='word_1_26' title='bbox 783 545 795 568; x_wconf 84' lang='lat'>‘</span> <span class='ocrx_word' id='word_1_27' title='bbox 814 541 892 587; x_wconf 88' lang='lat' dir='ltr'>Tu</span> <span class='ocrx_word' id='word_1_28' title='bbox 917 555 1054 587; x_wconf 90' lang='lat' dir='ltr'>nunc</span> <span class='ocrx_word' id='word_1_29' title='bbox 1081 539 1426 601; x_wconf 68' lang='lat' dir='ltr'>Karthaginis</span> <span class='ocrx_word' id='word_1_30' title='bbox 1453 538 1590 588; x_wconf 85' lang='lat' dir='ltr'>altae</span> 
     </span>
     <span class='ocr_line' id='line_1_6' title="bbox 223 617 1573 692; baseline -0.004 -13"><span class='ocrx_word' id='word_1_31' title='bbox 223 632 566 680; x_wconf 83' lang='lat' dir='ltr'>fundamenta</span> <span class='ocrx_word' id='word_1_32' title='bbox 590 629 728 677; x_wconf 86' lang='lat' dir='ltr'>locas</span> <span class='ocrx_word' id='word_1_33' title='bbox 755 627 1129 692; x_wconf 79' lang='lat' dir='ltr'>pulchramque</span> <span class='ocrx_word' id='word_1_34' title='bbox 1157 627 1369 674; x_wconf 85' lang='lat' dir='ltr'>uxorius</span> <span class='ocrx_word' id='word_1_35' title='bbox 1395 617 1573 675; x_wconf 79' lang='lat' dir='ltr'>urbem</span> 
     </span>
     <span class='ocr_line' id='line_1_7' title="bbox 225 714 1608 777; baseline -0.003 -10"><span class='ocrx_word' id='word_1_36' title='bbox 225 718 451 767; x_wconf 81' lang='lat' dir='ltr'>exstruis</span> <span class='ocrx_word' id='word_1_37' title='bbox 469 719 494 766; x_wconf 64' lang='grc' dir='ltr'>ἶ)</span> <span class='ocrx_word' id='word_1_38' title='bbox 566 717 689 764; x_wconf 90' lang='lat' dir='ltr'>Heu</span> <span class='ocrx_word' id='word_1_39' title='bbox 712 715 858 777; x_wconf 88' lang='lat' dir='ltr'>regni</span> <span class='ocrx_word' id='word_1_40' title='bbox 884 730 1158 777; x_wconf 77' lang='lat' dir='ltr'>rerumque</span> <span class='ocrx_word' id='word_1_41' title='bbox 1186 714 1344 762; x_wconf 89' lang='lat' dir='ltr'>oblite</span> <span class='ocrx_word' id='word_1_42' title='bbox 1369 715 1608 764; x_wconf 78' lang='lat' dir='ltr'>tuarum!</span> 
     </span>
     <span class='ocr_line' id='line_1_8' title="bbox 226 801 1427 869; baseline -0.004 -15"><span class='ocrx_word' id='word_1_43' title='bbox 226 808 348 869; x_wconf 84' lang='lat' dir='ltr'>Ipse</span> <span class='ocrx_word' id='word_1_44' title='bbox 375 806 523 853; x_wconf 87' lang='lat' dir='ltr'>deum</span> <span class='ocrx_word' id='word_1_45' title='bbox 549 803 649 852; x_wconf 87' lang='lat' dir='ltr'>tibi</span> <span class='ocrx_word' id='word_1_46' title='bbox 673 819 755 851; x_wconf 90' lang='lat' dir='ltr'>me</span> <span class='ocrx_word' id='word_1_47' title='bbox 781 803 921 850; x_wconf 91' lang='lat' dir='ltr'>claro</span> <span class='ocrx_word' id='word_1_48' title='bbox 946 802 1178 850; x_wconf 86' lang='lat' dir='ltr'>demittit</span> <span class='ocrx_word' id='word_1_49' title='bbox 1204 801 1427 865; x_wconf 83' lang='lat' dir='ltr'>Olympo</span> 
     </span>
     <span class='ocr_line' id='line_1_9' title="bbox 225 888 1573 955; baseline -0.004 -14"><span class='ocrx_word' id='word_1_50' title='bbox 225 898 480 955; x_wconf 86' lang='lat' dir='ltr'>regnator,</span> <span class='ocrx_word' id='word_1_51' title='bbox 507 892 704 940; x_wconf 88' lang='lat' dir='ltr'>caelum</span> <span class='ocrx_word' id='word_1_52' title='bbox 733 896 784 938; x_wconf 92' lang='lat' dir='ltr'>et</span> <span class='ocrx_word' id='word_1_53' title='bbox 809 895 973 938; x_wconf 88' lang='lat' dir='ltr'>terras</span> <span class='ocrx_word' id='word_1_54' title='bbox 1000 888 1092 952; x_wconf 88' lang='lat' dir='ltr'>qui</span> <span class='ocrx_word' id='word_1_55' title='bbox 1116 889 1326 937; x_wconf 89' lang='lat' dir='ltr'>numine</span> <span class='ocrx_word' id='word_1_56' title='bbox 1352 893 1573 952; x_wconf 91' lang='lat' dir='ltr'>torquet,</span> 
     </span>
     <span class='ocr_line' id='line_1_10' title="bbox 225 977 1605 1044; baseline -0.004 -15"><span class='ocrx_word' id='word_1_57' title='bbox 225 981 338 1044; x_wconf 85' lang='lat' dir='ltr'>ipse</span> <span class='ocrx_word' id='word_1_58' title='bbox 363 981 489 1028; x_wconf 88' lang='lat' dir='ltr'>haec</span> <span class='ocrx_word' id='word_1_59' title='bbox 514 979 650 1027; x_wconf 84' lang='lat' dir='ltr'>ferre</span> <span class='ocrx_word' id='word_1_60' title='bbox 677 978 819 1026; x_wconf 86' lang='lat' dir='ltr'>iubet</span> <span class='ocrx_word' id='word_1_61' title='bbox 846 977 1028 1026; x_wconf 89' lang='lat' dir='ltr'>celeris</span> <span class='ocrx_word' id='word_1_62' title='bbox 1057 977 1302 1025; x_wconf 83' lang='lat' dir='ltr'>mandata</span> <span class='ocrx_word' id='word_1_63' title='bbox 1326 992 1415 1039; x_wconf 86' lang='lat' dir='ltr'>per</span> <span class='ocrx_word' id='word_1_64' title='bbox 1441 992 1605 1025; x_wconf 87' lang='lat' dir='ltr'>auras.</span> 
     </span>
     <span class='ocr_line' id='line_1_11' title="bbox 227 1063 1772 1128; baseline -0.003 -12"><span class='ocrx_word' id='word_1_65' title='bbox 227 1069 362 1126; x_wconf 80' lang='lat' dir='ltr'>Quid</span> <span class='ocrx_word' id='word_1_66' title='bbox 389 1066 548 1116; x_wconf 87' lang='lat' dir='ltr'>struis</span> <span class='ocrx_word' id='word_1_67' title='bbox 573 1069 598 1115; x_wconf 85' lang='lat'>?</span> <span class='ocrx_word' id='word_1_68' title='bbox 669 1066 780 1113; x_wconf 91' lang='lat' dir='ltr'>Aut</span> <span class='ocrx_word' id='word_1_69' title='bbox 807 1081 909 1128; x_wconf 91' lang='lat' dir='ltr'>qua</span> <span class='ocrx_word' id='word_1_70' title='bbox 935 1081 1025 1128; x_wconf 85' lang='lat' dir='ltr'>spe</span> <span class='ocrx_word' id='word_1_71' title='bbox 1054 1064 1266 1128; x_wconf 85' lang='lat' dir='ltr'>Libycis</span> <span class='ocrx_word' id='word_1_72' title='bbox 1292 1064 1418 1112; x_wconf 85' lang='lat' dir='ltr'>teris</span> <span class='ocrx_word' id='word_1_73' title='bbox 1445 1064 1551 1112; x_wconf 88' lang='lat' dir='ltr'>otia</span> <span class='ocrx_word' id='word_1_74' title='bbox 1575 1063 1772 1111; x_wconf 85' lang='lat' dir='ltr'>terris?</span> 
     </span>
     <span class='ocr_line' id='line_1_12' title="bbox 230 1152 1410 1219; baseline -0.004 -15"><span class='ocrx_word' id='word_1_75' title='bbox 230 1156 285 1204; x_wconf 81' lang='lat' dir='ltr'>Si</span> <span class='ocrx_word' id='word_1_76' title='bbox 309 1161 360 1203; x_wconf 91' lang='lat' dir='ltr'>te</span> <span class='ocrx_word' id='word_1_77' title='bbox 386 1155 729 1219; x_wconf 27' lang='lat' dir='ltr'>nulla-movet</span> <span class='ocrx_word' id='word_1_78' title='bbox 755 1158 1020 1201; x_wconf 89' lang='lat' dir='ltr'>tantarum</span> <span class='ocrx_word' id='word_1_79' title='bbox 1047 1152 1214 1214; x_wconf 88' lang='lat' dir='ltr'>gloria</span> <span class='ocrx_word' id='word_1_80' title='bbox 1239 1168 1410 1199; x_wconf 89' lang='lat' dir='ltr'>rerum</span> 
     </span>
    </p>

    <p class='ocr_par' dir='ltr' id='par_1_3' title="bbox 227 1239 1546 1567">
     <span class='ocr_line' id='line_1_13' title="bbox 227 1239 1425 1305; baseline -0.004 -14"><span class='ocrx_word' id='word_1_81' title='bbox 227 1259 320 1291; x_wconf 88' lang='lat' dir='ltr'>nec</span> <span class='ocrx_word' id='word_1_82' title='bbox 347 1259 500 1305; x_wconf 83' lang='lat' dir='ltr'>super</span> <span class='ocrx_word' id='word_1_83' title='bbox 523 1242 635 1305; x_wconf 86' lang='lat' dir='ltr'>ipse</span> <span class='ocrx_word' id='word_1_84' title='bbox 661 1246 752 1289; x_wconf 88' lang='lat' dir='ltr'>tua</span> <span class='ocrx_word' id='word_1_85' title='bbox 779 1241 978 1289; x_wconf 88' lang='lat' dir='ltr'>moliris</span> <span class='ocrx_word' id='word_1_86' title='bbox 1003 1239 1157 1288; x_wconf 84' lang='lat' dir='ltr'>laude</span> <span class='ocrx_word' id='word_1_87' title='bbox 1181 1239 1425 1300; x_wconf 88' lang='lat' dir='ltr'>laborem,</span> 
     </span>
     <span class='ocr_line' id='line_1_14' title="bbox 229 1326 1428 1391; baseline -0.004 -13"><span class='ocrx_word' id='word_1_88' title='bbox 229 1330 515 1379; x_wconf 79' lang='lat' dir='ltr'>Ascanium</span> <span class='ocrx_word' id='word_1_89' title='bbox 543 1335 838 1391; x_wconf 82' lang='lat' dir='ltr'>surgentem</span> <span class='ocrx_word' id='word_1_90' title='bbox 865 1333 917 1376; x_wconf 90' lang='lat' dir='ltr'>et</span> <span class='ocrx_word' id='word_1_91' title='bbox 944 1343 1061 1390; x_wconf 88' lang='lat' dir='ltr'>spes</span> <span class='ocrx_word' id='word_1_92' title='bbox 1089 1327 1294 1376; x_wconf 83' lang='lat' dir='ltr'>heredis</span> <span class='ocrx_word' id='word_1_93' title='bbox 1321 1326 1428 1374; x_wconf 89' lang='lat' dir='ltr'>Iuli</span> 
     </span>
     <span class='ocr_line' id='line_1_15' title="bbox 229 1412 1546 1482; baseline -0.002 -16"><span class='ocrx_word' id='word_1_94' title='bbox 229 1418 443 1482; x_wconf 82' lang='lat' dir='ltr'>respice,</span> <span class='ocrx_word' id='word_1_95' title='bbox 462 1417 543 1465; x_wconf 90' lang='lat' dir='ltr'>cui</span> <span class='ocrx_word' id='word_1_96' title='bbox 569 1433 785 1478; x_wconf 89' lang='lat' dir='ltr'>regnum</span> <span class='ocrx_word' id='word_1_97' title='bbox 810 1416 998 1464; x_wconf 86' lang='lat' dir='ltr'>Italiae</span> <span class='ocrx_word' id='word_1_98' title='bbox 1025 1416 1362 1477; x_wconf 83' lang='lat' dir='ltr'>Romanaque</span> <span class='ocrx_word' id='word_1_99' title='bbox 1387 1412 1546 1464; x_wconf 85' lang='lat' dir='ltr'>tellus</span> 
     </span>
     <span class='ocr_line' id='line_1_16' title="bbox 232 1502 1345 1567; baseline -0.004 -13"><span class='ocrx_word' id='word_1_100' title='bbox 232 1505 514 1554; x_wconf 85' lang='lat' dir='ltr'>debentur.⁷</span> <span class='ocrx_word' id='word_1_101' title='bbox 589 1504 705 1551; x_wconf 88' lang='lat' dir='ltr'>Tali</span> <span class='ocrx_word' id='word_1_102' title='bbox 732 1503 1002 1567; x_wconf 82' lang='lat' dir='ltr'>Cyllenius</span> <span class='ocrx_word' id='word_1_103' title='bbox 1029 1518 1114 1550; x_wconf 91' lang='lat' dir='ltr'>ore</span> <span class='ocrx_word' id='word_1_104' title='bbox 1142 1502 1345 1550; x_wconf 90' lang='lat' dir='ltr'>locutus</span> 
     </span>
    </p>

    <p class='ocr_par' dir='ltr' id='par_1_4' title="bbox 231 1589 1337 1652">
     <span class='ocr_line' id='line_1_17' title="bbox 231 1589 1337 1652; baseline -0.003 -11"><span class='ocrx_word' id='word_1_105' title='bbox 231 1591 467 1641; x_wconf 87' lang='lat' dir='ltr'>mortalis</span> <span class='ocrx_word' id='word_1_106' title='bbox 494 1592 637 1640; x_wconf 85' lang='lat' dir='ltr'>visus</span> <span class='ocrx_word' id='word_1_107' title='bbox 664 1590 834 1638; x_wconf 79' lang='lat' dir='ltr'>medio</span> <span class='ocrx_word' id='word_1_108' title='bbox 861 1605 1095 1639; x_wconf 89' lang='lat' dir='ltr'>sermone</span> <span class='ocrx_word' id='word_1_109' title='bbox 1121 1589 1337 1652; x_wconf 87' lang='lat' dir='ltr'>reliquit</span> 
     </span>
    </p>

    <p class='ocr_par' dir='ltr' id='par_1_5' title="bbox 205 1676 1538 1744">
     <span class='ocr_line' id='line_1_18' title="bbox 205 1676 1538 1744; baseline -0.003 -15"><span class='ocrx_word' id='word_1_110' title='bbox 205 1698 210 1702; x_wconf 93' lang='lat'>·</span> <span class='ocrx_word' id='word_1_111' title='bbox 232 1685 284 1729; x_wconf 85' lang='lat' dir='ltr'>et</span> <span class='ocrx_word' id='word_1_112' title='bbox 308 1679 486 1744; x_wconf 86' lang='lat' dir='ltr'>procul</span> <span class='ocrx_word' id='word_1_113' title='bbox 513 1680 568 1726; x_wconf 90' lang='lat' dir='ltr'>in</span> <span class='ocrx_word' id='word_1_114' title='bbox 594 1684 802 1727; x_wconf 88' lang='lat' dir='ltr'>tenuem</span> <span class='ocrx_word' id='word_1_115' title='bbox 828 1694 892 1726; x_wconf 84' lang='lat' dir='ltr'>ex</span> <span class='ocrx_word' id='word_1_116' title='bbox 917 1676 1080 1726; x_wconf 89' lang='lat' dir='ltr'>oculis</span> <span class='ocrx_word' id='word_1_117' title='bbox 1106 1676 1322 1726; x_wconf 87' lang='lat' dir='ltr'>evanuit</span> <span class='ocrx_word' id='word_1_118' title='bbox 1344 1692 1538 1725; x_wconf 89' lang='lat' dir='ltr'>auram.</span> 
     </span>
    </p>
   </div>
   <div class='ocr_carea' id='block_1_3' title="bbox 233 1848 891 1900">
    <p class='ocr_par' dir='ltr' id='par_1_6' title="bbox 233 1848 891 1900">
     <span class='ocr_line' id='line_1_19' title="bbox 233 1848 891 1900; baseline -0.005 -9"><span class='ocrx_word' id='word_1_119' title='bbox 233 1849 409 1891; x_wconf 79' lang='lat' dir='ltr'>Aeneas</span> <span class='ocrx_word' id='word_1_120' title='bbox 421 1861 636 1900; x_wconf 75' lang='lat' dir='ltr'>prepare-5</span> <span class='ocrx_word' id='word_1_121' title='bbox 658 1853 702 1889; x_wconf 76' lang='lat' dir='ltr'>co</span> <span class='ocrx_word' id='word_1_122' title='bbox 723 1848 891 1898; x_wconf 77' lang='lat' dir='ltr'>depart.</span> 
     </span>
    </p>
   </div>
   <div class='ocr_carea' id='block_1_4' title="bbox 235 1942 1798 2881">
    <p class='ocr_par' dir='ltr' id='par_1_7' title="bbox 235 1942 1674 2270">
     <span class='ocr_line' id='line_1_20' title="bbox 301 1942 1493 2006; baseline -0.002 -13"><span class='ocrx_word' id='word_1_123' title='bbox 301 1946 374 1993; x_wconf 93' lang='lat' dir='ltr'>At</span> <span class='ocrx_word' id='word_1_124' title='bbox 399 1961 520 1993; x_wconf 87' lang='lat' dir='ltr'>vero</span> <span class='ocrx_word' id='word_1_125' title='bbox 545 1945 747 1992; x_wconf 87' lang='lat' dir='ltr'>Aeneas</span> <span class='ocrx_word' id='word_1_126' title='bbox 776 1948 990 2006; x_wconf 86' lang='lat' dir='ltr'>aspectu</span> <span class='ocrx_word' id='word_1_127' title='bbox 1015 1942 1275 1992; x_wconf 81' lang='lat' dir='ltr'>obmutuit</span> <span class='ocrx_word' id='word_1_128' title='bbox 1300 1958 1493 2003; x_wconf 88' lang='lat' dir='ltr'>amens,</span> 
     </span>
     <span class='ocr_line' id='line_1_21' title="bbox 236 2027 1674 2095; baseline -0.001 -14"><span class='ocrx_word' id='word_1_129' title='bbox 236 2038 563 2095; x_wconf 76' lang='lat' dir='ltr'>arrectaeque</span> <span class='ocrx_word' id='word_1_130' title='bbox 589 2032 798 2079; x_wconf 87' lang='lat' dir='ltr'>horrore</span> <span class='ocrx_word' id='word_1_131' title='bbox 824 2047 998 2079; x_wconf 90' lang='lat' dir='ltr'>comae</span> <span class='ocrx_word' id='word_1_132' title='bbox 1023 2035 1074 2079; x_wconf 94' lang='lat' dir='ltr'>et</span> <span class='ocrx_word' id='word_1_133' title='bbox 1100 2047 1201 2079; x_wconf 85' lang='lat' dir='ltr'>vox</span> <span class='ocrx_word' id='word_1_134' title='bbox 1226 2029 1463 2079; x_wconf 86' lang='lat' dir='ltr'>faucibus</span> <span class='ocrx_word' id='word_1_135' title='bbox 1488 2027 1674 2079; x_wconf 88' lang='lat' dir='ltr'>haesit.</span> 
     </span>
     <span class='ocr_line' id='line_1_22' title="bbox 235 2118 1539 2181; baseline -0.002 -13"><span class='ocrx_word' id='word_1_136' title='bbox 235 2121 402 2168; x_wconf 86' lang='lat' dir='ltr'>Ardet</span> <span class='ocrx_word' id='word_1_137' title='bbox 428 2120 569 2168; x_wconf 85' lang='lat' dir='ltr'>abire</span> <span class='ocrx_word' id='word_1_138' title='bbox 595 2119 721 2180; x_wconf 80' lang='lat' dir='ltr'>fuga</span> <span class='ocrx_word' id='word_1_139' title='bbox 746 2118 1015 2181; x_wconf 83' lang='lat' dir='ltr'>dulcisque</span> <span class='ocrx_word' id='word_1_140' title='bbox 1043 2118 1333 2181; x_wconf 81' lang='lat' dir='ltr'>relinquere</span> <span class='ocrx_word' id='word_1_141' title='bbox 1359 2122 1539 2178; x_wconf 89' lang='lat' dir='ltr'>terras,</span> 
     </span>
     <span class='ocr_line' id='line_1_23' title="bbox 237 2205 1490 2270; baseline -0.003 -14"><span class='ocrx_word' id='word_1_142' title='bbox 237 2206 663 2270; x_wconf 61' lang='lat' dir='ltr'>attonitus&#39;tanto</span> <span class='ocrx_word' id='word_1_143' title='bbox 679 2206 890 2267; x_wconf 23' lang='lat' dir='ltr'>*monitu</span> <span class='ocrx_word' id='word_1_144' title='bbox 917 2205 1237 2268; x_wconf 86' lang='lat' dir='ltr'>imperioque</span> <span class='ocrx_word' id='word_1_145' title='bbox 1262 2205 1490 2253; x_wconf 86' lang='lat' dir='ltr'>deorum.</span> 
     </span>
    </p>

    <p class='ocr_par' dir='ltr' id='par_1_8' title="bbox 238 2291 1798 2444">
     <span class='ocr_line' id='line_1_24' title="bbox 238 2291 1798 2357; baseline -0.003 -15"><span class='ocrx_word' id='word_1_146' title='bbox 238 2297 359 2343; x_wconf 92' lang='lat' dir='ltr'>Heu</span> <span class='ocrx_word' id='word_1_147' title='bbox 384 2294 510 2357; x_wconf 84' lang='lat' dir='ltr'>quid</span> <span class='ocrx_word' id='word_1_148' title='bbox 535 2295 697 2355; x_wconf 81' lang='lat' dir='ltr'>agat?</span> <span class='ocrx_word' id='word_1_149' title='bbox 767 2294 879 2350; x_wconf 80' lang='lat' dir='ltr'>Quo</span> <span class='ocrx_word' id='word_1_150' title='bbox 903 2309 1037 2341; x_wconf 88' lang='lat' dir='ltr'>nunc</span> <span class='ocrx_word' id='word_1_151' title='bbox 1064 2293 1294 2354; x_wconf 82' lang='lat' dir='ltr'>reginam</span> <span class='ocrx_word' id='word_1_152' title='bbox 1320 2291 1512 2339; x_wconf 88' lang='lat' dir='ltr'>ambire</span> <span class='ocrx_word' id='word_1_153' title='bbox 1536 2291 1798 2339; x_wconf 85' lang='lat' dir='ltr'>furentem</span> 
     </span>
     <span class='ocr_line' id='line_1_25' title="bbox 238 2380 1563 2444; baseline -0.003 -13"><span class='ocrx_word' id='word_1_154' title='bbox 238 2383 426 2431; x_wconf 82' lang='lat' dir='ltr'>audeat</span> <span class='ocrx_word' id='word_1_155' title='bbox 451 2381 634 2429; x_wconf 85' lang='lat' dir='ltr'>adfatu</span> <span class='ocrx_word' id='word_1_156' title='bbox 654 2383 680 2429; x_wconf 86' lang='lat'>?</span> <span class='ocrx_word' id='word_1_157' title='bbox 753 2382 893 2438; x_wconf 79' lang='lat' dir='ltr'>Quae</span> <span class='ocrx_word' id='word_1_158' title='bbox 920 2381 1090 2444; x_wconf 83' lang='lat' dir='ltr'>prima</span> <span class='ocrx_word' id='word_1_159' title='bbox 1113 2380 1324 2428; x_wconf 83' lang='lat' dir='ltr'>exordia</span> <span class='ocrx_word' id='word_1_160' title='bbox 1351 2384 1520 2428; x_wconf 86' lang='lat' dir='ltr'>sumat</span> <span class='ocrx_word' id='word_1_161' title='bbox 1539 2381 1563 2427; x_wconf 87' lang='lat'>?</span> 
     </span>
    </p>

    <p class='ocr_par' dir='ltr' id='par_1_9' title="bbox 239 2465 1758 2706">
     <span class='ocr_line' id='line_1_26' title="bbox 239 2465 1758 2531; baseline -0.001 -15"><span class='ocrx_word' id='word_1_162' title='bbox 239 2470 414 2531; x_wconf 88' lang='lat' dir='ltr'>Atque</span> <span class='ocrx_word' id='word_1_163' title='bbox 441 2469 669 2516; x_wconf 87' lang='lat' dir='ltr'>animum</span> <span class='ocrx_word' id='word_1_164' title='bbox 696 2485 831 2516; x_wconf 89' lang='lat' dir='ltr'>nunc</span> <span class='ocrx_word' id='word_1_165' title='bbox 857 2470 957 2516; x_wconf 91' lang='lat' dir='ltr'>huc</span> <span class='ocrx_word' id='word_1_166' title='bbox 985 2469 1217 2528; x_wconf 84' lang='lat' dir='ltr'>celerem,</span> <span class='ocrx_word' id='word_1_167' title='bbox 1243 2483 1380 2515; x_wconf 91' lang='lat' dir='ltr'>nunc</span> <span class='ocrx_word' id='word_1_168' title='bbox 1414 2465 1605 2514; x_wconf 79' lang='lat' dir='ltr'>dividit</span> <span class='ocrx_word' id='word_1_169' title='bbox 1629 2465 1758 2514; x_wconf 81' lang='lat' dir='ltr'>illuc</span> 
     </span>
     <span class='ocr_line' id='line_1_27' title="bbox 239 2540 1737 2619; baseline -0.001 -15"><span class='ocrx_word' id='word_1_170' title='bbox 239 2557 292 2604; x_wconf 90' lang='lat' dir='ltr'>in</span> <span class='ocrx_word' id='word_1_171' title='bbox 319 2557 583 2619; x_wconf 84' lang='lat' dir='ltr'>partisque</span> <span class='ocrx_word' id='word_1_172' title='bbox 610 2556 747 2618; x_wconf 83' lang='lat' dir='ltr'>rapit</span> <span class='ocrx_word' id='word_1_173' title='bbox 769 2555 938 2604; x_wconf 89' lang='lat' dir='ltr'>varias</span> <span class='ocrx_word' id='word_1_174' title='bbox 965 2571 1157 2618; x_wconf 85' lang='lat' dir='ltr'>perque</span> <span class='ocrx_word' id='word_1_175' title='bbox 1179 2554 1352 2602; x_wconf 84' lang='lat' dir='ltr'>onmia</span> <span class='ocrx_word' id='word_1_176' title='bbox 1376 2558 1562 2603; x_wconf 83' lang='lat' dir='ltr'>versat.</span> <span class='ocrx_word' id='word_1_177' title='bbox 1735 2540 1737 2542; x_wconf 21' lang='grc' dir='ltr'>Ι</span> 
     </span>
     <span class='ocr_line' id='line_1_28' title="bbox 241 2641 1453 2706; baseline -0.002 -14"><span class='ocrx_word' id='word_1_178' title='bbox 241 2645 385 2692; x_wconf 89' lang='lat' dir='ltr'>Haec</span> <span class='ocrx_word' id='word_1_179' title='bbox 411 2643 691 2691; x_wconf 82' lang='lat' dir='ltr'>alternanti</span> <span class='ocrx_word' id='word_1_180' title='bbox 717 2643 886 2706; x_wconf 87' lang='lat' dir='ltr'>potior</span> <span class='ocrx_word' id='word_1_181' title='bbox 912 2642 1173 2690; x_wconf 89' lang='lat' dir='ltr'>sententia</span> <span class='ocrx_word' id='word_1_182' title='bbox 1200 2641 1313 2689; x_wconf 89' lang='lat' dir='ltr'>visa</span> <span class='ocrx_word' id='word_1_183' title='bbox 1344 2646 1422 2690; x_wconf 88' lang='lat' dir='ltr'>est</span> <span class='ocrx_word' id='word_1_184' title='bbox 1444 2660 1453 2689; x_wconf 92' lang='lat'>:</span> 
     </span>
    </p>

    <p class='ocr_par' dir='ltr' id='par_1_10' title="bbox 242 2728 1740 2881">
     <span class='ocr_line' id='line_1_29' title="bbox 242 2728 1740 2792; baseline -0.003 -14"><span class='ocrx_word' id='word_1_185' title='bbox 242 2731 516 2778; x_wconf 88' lang='lat' dir='ltr'>Mnesthea</span> <span class='ocrx_word' id='word_1_186' title='bbox 543 2731 939 2792; x_wconf 79' lang='lat' dir='ltr'>Sergestumque</span> <span class='ocrx_word' id='word_1_187' title='bbox 967 2734 1114 2776; x_wconf 83' lang='lat' dir='ltr'>vocat</span> <span class='ocrx_word' id='word_1_188' title='bbox 1140 2729 1430 2791; x_wconf 82' lang='lat' dir='ltr'>fortemque</span> <span class='ocrx_word' id='word_1_189' title='bbox 1460 2728 1740 2789; x_wconf 82' lang='lat' dir='ltr'>Serestum,</span> 
     </span>
     <span class='ocr_line' id='line_1_30' title="bbox 243 2815 1623 2881; baseline -0.004 -15"><span class='ocrx_word' id='word_1_190' title='bbox 243 2818 455 2866; x_wconf 88' lang='lat' dir='ltr'>classem</span> <span class='ocrx_word' id='word_1_191' title='bbox 484 2822 667 2881; x_wconf 85' lang='lat' dir='ltr'>aptent</span> <span class='ocrx_word' id='word_1_192' title='bbox 690 2816 838 2865; x_wconf 88' lang='lat' dir='ltr'>taciti</span> <span class='ocrx_word' id='word_1_193' title='bbox 865 2815 1131 2878; x_wconf 89' lang='lat' dir='ltr'>sociosque</span> <span class='ocrx_word' id='word_1_194' title='bbox 1157 2816 1221 2863; x_wconf 81' lang='lat' dir='ltr'>ad</span> <span class='ocrx_word' id='word_1_195' title='bbox 1246 2815 1400 2862; x_wconf 87' lang='lat' dir='ltr'>litora</span> <span class='ocrx_word' id='word_1_196' title='bbox 1423 2818 1623 2877; x_wconf 85' lang='lat' dir='ltr'>cogant,</span> 
     </span>
    </p>
   </div>
   <div class='ocr_carea' id='block_1_5' title="bbox 1909 983 1983 1021">
    <p class='ocr_par' dir='ltr' id='par_1_11' title="bbox 1909 983 1983 1021">
     <span class='ocr_line' id='line_1_31' title="bbox 1909 983 1983 1021; baseline -0.014 0"><span class='ocrx_word' id='word_1_197' title='bbox 1909 983 1983 1021; x_wconf 80' lang='lat'>270</span> 
     </span>
    </p>
   </div>
   <div class='ocr_carea' id='block_1_6' title="bbox 1914 1421 1986 1460">
    <p class='ocr_par' dir='ltr' id='par_1_12' title="bbox 1914 1421 1986 1460">
     <span class='ocr_line' id='line_1_32' title="bbox 1914 1421 1986 1460; baseline -0.028 0"><span class='ocrx_word' id='word_1_198' title='bbox 1914 1421 1986 1460; x_wconf 81' lang='lat'>275</span> 
     </span>
    </p>
   </div>
   <div class='ocr_carea' id='block_1_7' title="bbox 1914 2036 1985 2074">
    <p class='ocr_par' dir='ltr' id='par_1_13' title="bbox 1914 2036 1985 2074">
     <span class='ocr_line' id='line_1_33' title="bbox 1914 2036 1985 2074; baseline 0 0"><span class='ocrx_word' id='word_1_199' title='bbox 1914 2036 1985 2074; x_wconf 77' lang='lat' dir='ltr'>28ss</span> 
     </span>
    </p>
   </div>
   <div class='ocr_carea' id='block_1_8' title="bbox 1913 2473 1985 2511">
    <p class='ocr_par' dir='ltr' id='par_1_14' title="bbox 1913 2473 1985 2511">
     <span class='ocr_line' id='line_1_34' title="bbox 1913 2473 1985 2511; baseline -0.014 0"><span class='ocrx_word' id='word_1_200' title='bbox 1913 2473 1985 2511; x_wconf 86' lang='lat'>285</span> 
     </span>
    </p>
   </div>
  </div>
 </body>
</html>
