2148 3204
242 137 347 191 138
785 157 838 194 P.
885 157 1144 195 VERGILI
1184 158 1464 197 MARoNJs

241 291 457 340 Iliacam
483 292 550 341 ad
575 293 792 342 classem
820 300 1105 358 ventosque
1131 297 1367 360 adspirat
1392 297 1555 359 eunti,

241 379 406 428 multa
431 396 642 429 movens
669 383 889 430 necdum
916 384 1186 446 antiquum
1217 391 1451 433 saturata
1476 386 1724 436 dolorem.

239 465 341 514 Illa
369 467 502 515 viam
531 468 758 517 celerans
785 486 876 532 per
901 469 1045 517 mille
1071 471 1329 520 coloribus
1355 488 1531 520 arcum

237 553 371 601 nulli
397 553 511 602 visa
534 554 638 602 cito
665 556 892 604 decurrit
917 558 1126 606 tramite
1156 558 1314 619 virgo.

237 640 505 704 Conspicit
532 641 792 703 ingentem
821 659 1124 692 concursum
1153 650 1204 693 et
1229 645 1385 706 litora
1407 646 1601 696 lustrat

235 729 571 791 desertosque
599 729 741 778 videt
767 736 946 793 portus
972 732 1291 795 classemque
1319 734 1568 783 relictam.

235 817 307 864 At
332 816 510 879 procul
537 817 592 863 in
618 817 728 866 sola
753 823 981 866 secretae
1007 820 1233 868 Troades
1260 826 1376 869 acta
1555 824 1558 826 ’

234 903 481 951 amissum
512 903 775 953 Anchisen
795 905 988 953 flebant
1013 912 1330 970 cunctaeque
1356 909 1675 971 profundum

232 996 448 1053 pontum
475 993 812 1054 aspectabant
837 993 1036 1041 flentes.
1109 998 1123 1023 ‘
1142 996 1262 1042 Heu
1288 1000 1366 1044 tot
1395 997 1527 1044 vada
1550 997 1707 1046 fessis

232 1085 285 1126 et
309 1084 514 1126 tantum
541 1095 807 1142 superesse
834 1081 991 1129 maris
1010 1083 1019 1130 1
1039 1081 1052 1106 ²
1088 1098 1190 1129 vox
1216 1083 1453 1132 omnibus
1479 1100 1594 1132 una.

233 1166 428 1215 Urbem
456 1172 632 1228 orant,
671 1169 846 1216 taedet
870 1168 1042 1231 pelagi
1067 1170 1296 1232 perferre
1322 1170 1563 1219 laborem.

229 1254 368 1315 Ergo
388 1253 524 1302 inter
549 1255 745 1303 medias
773 1271 883 1304 sese
908 1256 1049 1304 haud
1074 1257 1255 1318 ignara
1277 1259 1496 1306 nocendi

230 1341 419 1389 conicit
444 1346 496 1390 et
520 1342 810 1406 faciemque
837 1344 960 1391 deae
987 1349 1287 1408 ¹vestemque
1311 1347 1543 1409 reponit3

228 1427 290 1475 fit
316 1429 492 1490 Beroe,
523 1429 719 1477 Tmarii
745 1431 971 1478 coniunx
995 1431 1246 1494 longaeva
1270 1433 1499 1497 Dorycli,

229 1517 310 1565 cui
337 1532 498 1579 genus
525 1523 577 1565 et
602 1518 860 1580 quondam
887 1535 1075 1566 nomen
1100 1519 1313 1582 natique
1340 1521 1582 1583 fuissent,

228 1620 285 1652 ac
312 1604 385 1653 sic
411 1604 768 1652 Dardanidum
797 1606 1021 1654 mediam
1046 1622 1099 1655 se
1125 1608 1379 1656 matribus
1405 1609 1594 1658 infert:

228 1696 241 1720 ἕ
259 1691 299 1740 O
326 1691 557 1752 miserae,
586 1708 712 1755 quas
738 1709 841 1740 non
868 1695 1088 1755 manus,'
1116 1695 1303 1757 inquit,
1332 1697 1582 1745 ‘Achaica
1607 1698 1745 1746 bello

227 1779 445 1827 traxerit
471 1779 535 1827 ad
561 1780 721 1827 letum
751 1782 948 1843 patriae
975 1782 1070 1829 sub
1093 1783 1390 1832 moenibus!
1463 1784 1505 1833 O
1533 1801 1657 1846 gens

225 1866 428 1928 infelix,
457 1867 539 1915 cui
565 1872 616 1915 te
642 1867 802 1915 exitio
828 1869 1058 1917 Fortuna
1084 1875 1313 1918 reservat
1331 1873 1356 1916 ἵ)

227 1955 459 2017 Septima
479 1961 596 2017 post
623 1955 805 2002 Troiae
832 1955 1094 2003 excidium
1120 1956 1221 2004 iam
1249 1958 1470 2006 vertitur
1496 1965 1682 2022 aestas,

226 2057 339 2090 cum
365 2042 516 2102 freta,
545 2058 660 2090 cum
685 2048 848 2090 terras
875 2043 1057 2102 omnis,
1087 2049 1163 2091 tot
1188 2044 1453 2108 inhospita
1478 2063 1602 2095 saxa

225 2129 497 2191 sideraque
522 2145 757 2178 emensae
784 2130 1016 2191 ferimur,
1044 2130 1163 2178 (111111
1193 2147 1284 2194 per
1310 2147 1448 2180 mare
1478 2150 1719 2196 magnum

224 2217 434 2264 Italiam
465 2217 728 2279 sequimur
754 2218 1041 2279 fugientem
1067 2223 1118 2266 et
1143 2219 1401 2266 volvimur
1426 2221 1594 2269 undis.

224 2303 327 2350 Hic
353 2304 538 2367 Erycis
564 2304 691 2352 fines
719 2305 936 2352 fraterni
963 2310 1117 2368 atque
1143 2305 1328 2368 hospes
1357 2307 1598 2367 Acestes3

223 2390 339 2452 quis
366 2391 604 2453 prohibet
632 2408 805 2439 muros
833 2392 997 2440 iacere
1023 2398 1074 2440 et
1100 2393 1221 2440 flare
1248 2393 1447 2442 civibus
1474 2396 1688 2444 urbem?

224 2479 265 2526 O
293 2477 462 2541 patria
488 2483 538 2525 et
565 2479 698 2541 rapti
726 2480 1039 2542 nequiquam
1067 2496 1129 2527 ex
1154 2480 1301 2527 hoste
1328 2482 1567 2544 Penates,

221 2565 432 2612 nullane
458 2565 558 2612 iam
590 2566 773 2614 Troiae
793 2567 1028 2613 dicentur
1055 2567 1257 2614 moenia
1274 2569 1298 2614 i>
1370 2569 1644 2631 Nusquam

222 2653 505 2700 Hectoreos
531 2654 712 2712 amnis,
740 2654 1011 2701 Xanthum
1036 2659 1088 2700 et
1115 2654 1390 2714 Simoenta,
1422 2656 1644 2704 videbo?

220 2740 354 2796 Quin
381 2741 518 2801 agite
544 2746 594 2787 et
621 2756 814 2786 mecum
844 2740 1102 2787 infaustas
1130 2740 1327 2788 exurite
1354 2744 1556 2805 puppis.

220 2827 354 2874 Nam
385 2827 512 2874 mihi
538 2828 855 2876 Cassandrae
883 2843 972 2889 per
999 2843 1233 2875 somnum
1258 2828 1393 2876 vatis
1420 2829 1588 2891 imago

1919 573 1989 611 610

1910 1009 1984 1046 615

1910 1448 1983 1485 620

1904 1885 1977 1921 625

1900 2322 1973 2359 630

1894 2756 1966 2792 635
