2148 3204
221 143 324 195 152
759 160 812 196 P.
858 160 1114 198 VERGILI
1152 160 1433 199 MARoms

218 313 321 344 non
348 302 584 361 comptae
609 304 844 346 mansere
871 315 1058 360 comae,
1088 300 1177 347 sed
1203 304 1384 363 pectus
1409 300 1668 363 anhelum,

218 390 269 432 et
295 385 435 433 labie
460 386 573 434 fera
597 387 752 434 corda
775 391 995 448 tument,
1022 387 1288 450 maiorque
1314 388 1481 436 videri

217 488 312 521 nec
337 489 447 520 mor
454 474 556 520 tale
565 489 787 547 sonans,
815 473 1008 522 adflata
1032 479 1110 522 est
1135 475 1347 522 numine
1375 477 1580 538 quando

218 559 319 607 iam
346 577 407 623 pl
411 577 585 623 opioie
612 561 711 609 dei.
790 561 1035 610 ‘Cessas
1024 578 1079 609 m
1103 567 1225 610 vota
1249 579 1542 626 precesque,

1925 489 1970 526 50

217 648 377 708 Tros,²
412 647 501 709 ait,
539 648 788 696 ‘AeneaP
861 649 1090 698 Cessas?
1161 650 1345 712 Neque
1381 651 1518 699 enim
1551 655 1672 700 ante
1702 651 1969 700 dehiscent

217 734 468 783 attonitae
490 752 677 797 magna
703 752 792 784 ora
816 737 1033 785 domus!
1104 738 1175 785 Et
1201 737 1330 786 talia
1352 738 1466 786 fata

216 821 480 870 Conticuit.
556 823 773 872 Gelidus
802 824 1012 872 Teucris
1039 840 1130 887 per
1155 826 1286 873 dura
1309 825 1536 873 cucurrit

217 925 334 957 ossa
357 914 564 971 tremor,
593 910 874 980 funditque
900 927 1078 974 preces
1104 928 1194 982 rex
1219 917 1424 975 pectore
1450 913 1514 960 ab
1539 913 1670 962 imo:

217 1001 229 1025 ⁴
245 995 467 1057 Phoebe,
495 998 669 1058 gravis
696 998 880 1046 Troiae
907 1015 1108 1062 semper
1133 998 1377 1048 miserate
1402 999 1619 1062 labores,

215 1084 460 1131 Dardana
486 1084 576 1146 qui
601 1084 809 1132 Paridis
836 1085 1027 1133 direxti
1053 1086 1160 1134 tela
1184 1103 1469 1150 manusque

215 1187 400 1234 corpus
426 1172 481 1218 111
507 1172 780 1232 Aeacidae,
807 1189 1021 1234 magnas
1048 1174 1292 1222 obeuntia
1315 1179 1480 1222 terras
1519 1198 1522 1200 ·

214 1264 292 1306 tot
317 1259 480 1307 maria
504 1259 697 1307 intravi
724 1260 851 1307 duee
876 1264 928 1308 te
954 1261 1265 1324 penitusque
1289 1267 1523 1324 repostas

215 1346 506 1409 Massylum
534 1347 702 1408 gentis
730 1353 1102 1410 praetentaque
1130 1349 1371 1413 Syrtibus
1397 1365 1547 1412 arva3

214 1434 317 1481 iam
343 1434 553 1481 tandem
580 1434 769 1482 Italiae
794 1434 1046 1496 fugientis
1073 1436 1375 1498 prendimus
1401 1453 1546 1499 oras3

206 1521 309 1595 *hae
334 1521 557 1592 Troiana
580 1526 732 1600 'DQ
759 1522 920 1569 fuerit
947 1523 1159 1571 f01tuna
1185 1528 1371 1572 secuta
1490 1500 1549 1562 *f

214 1609 319 1657 Vos
346 1624 548 1671 quoque
573 1609 923 1669 Pergameae
911 1625 1014 1657 iam
1039 1611 1120 1657 fas
1149 1616 1228 1658 est
1253 1627 1460 1673 parcere
1486 1612 1644 1674 genti,

215 1695 368 1758 dique
396 1696 622 1758 deaeque
648 1711 839 1756 omnes,
868 1697 1055 1759 quibus
1086 1697 1294 1745 obstitit
1320 1698 1478 1745 Ilium
1504 1703 1556 1747 et
1585 1699 1768 1760 ingens

214 1783 377 1844 gloria
401 1783 710 1831 Dardaniae.
783 1784 981 1846 Tuque,
1007 1800 1037 1831 o
1062 1785 1390 1833 sanctissima
1412 1790 1574 1847 vates,

213 1870 445 1932 praescia
469 1871 692 1932 venturi,
718 1871 786 1919 da
814 1871 938 1934 (non
962 1871 1197 1919 indebita
1220 1888 1374 1934 posco

213 1972 372 2019 regna
395 1958 524 2005 meis
550 1957 701 2025 fatis)
730 1958 882 2006 Latio
907 1958 1174 2006 considere
1201 1960 1423 2008 Teucros

213 2044 536 2107 errantisque
563 2045 684 2093 deos
710 2046 1010 2109 agitataque
1035 2046 1252 2094 numina
1276 2047 1472 2096 Troiae.

213 2133 347 2178 Tum
371 2132 580 2179 Phoebo
605 2137 658 2180 et
683 2132 891 2180 Triviae
917 2132 1083 2181 solido
1109 2134 1171 2180 de
1197 2149 1448 2182 marmore
1474 2134 1729 2197 templum

204 2218 484 2294 *instituam
511 2219 778 2282 festosque
804 2220 916 2268 dies
942 2221 1004 2268 de
1031 2220 1237 2268 nomine
1263 2221 1475 2269 Phoebi.

216 2307 286 2352 Te
313 2322 516 2368 quoque
542 2322 730 2368 magna
754 2312 966 2355 manent
991 2307 1164 2368 regnis
1190 2308 1477 2370 penetralia
1499 2308 1711 2358 nostris.

214 2392 319 2440 Hic
343 2408 437 2453 ego
461 2408 683 2455 namque
708 2399 826 2442 tuas
854 2399 1018 2442 sortes
1044 2410 1329 2457 arcanaque
1355 2396 1468 2443 fata

215 2479 355 2527 dicta
380 2495 520 2526 meae
547 2480 689 2540 genti
714 2497 918 2543 ponam,
944 2480 1206 2543 lectosque
1233 2483 1456 2542 sacrabo,

213 2566 363 2627 alma,
391 2566 542 2614 viros.
615 2568 777 2615 Foliis
803 2573 1004 2616 tantum
1036 2584 1097 2615 ne
1124 2568 1352 2616 carmina
1377 2571 1581 2632 manda,

213 2669 276 2700 ne
301 2654 510 2701 turbata
535 2653 712 2701 volent
738 2654 936 2716 rapidis
962 2655 1189 2703 ludibria
1214 2655 1411 2715 ventis;

214 2739 327 2801 ipsa
351 2755 504 2788 canas
530 2740 649 2788 oro.²
720 2741 901 2788 Finem
930 2741 1075 2788 dedit
1100 2757 1184 2789 ore
1211 2741 1466 2805 loquendi.

1918 2234 1966 2270 70

1915 2668 1960 2705 75
