2148 3204
722 124 1029 165 AENEIDOS
1069 124 1187 160 LIB.
1231 123 1317 160 IV.

153 275 206 322 et
229 268 458 320 recidiva
481 282 636 314 manu
660 264 947 328 posuissem
973 263 1226 325 Pergama
1248 260 1416 309 victis·

157 359 257 407 Sed
281 372 417 404 nunc
442 354 655 403 Italiam
681 343 923 412 magnam
944 350 1185 412 Gryneus
1210 348 1416 412 Apollo,

155 446 365 495 Italiam
392 441 583 507 Lyciae
607 440 803 488 iussere
830 452 1094 500 capessere
1123 442 1287 484 sortes
1303 456 1314 498 3

155 534 243 582 hic
278 547 433 590 amor,
460 530 584 577 haec
603 525 779 590 patria
804 530 897 573 est.
973 524 1028 572 Si
1051 528 1104 571 te
1132 524 1481 585 Karthaginis
1518 539 1661 574 arces

155 619 497 669 Phoenissam
522 615 849 681 Libycaeque
874 611 1122 676 aspectus
1140 608 1336 659 detinet
1360 613 1518 674 urbis,

157 725 287 772 quae
312 708 522 755 tandem
550 703 784 752 Ausonia
810 687 1033 750 Teucros
1062 686 1330 750 considere
1358 707 1496 749 terra
1540 704 1550 709 “

157 796 358 844 invidia
382 796 501 848 est?
573 793 643 839 Et
667 807 760 838 nos
785 791 866 838 fas
894 795 1071 838 extera
1097 805 1341 853 quaerere
1368 805 1541 850 regna.

158 885 245 931 Me
271 882 432 945 patris
458 880 734 939 Anchisae,
763 878 1001 950 quotiens
1026 862 1325 948 uffintspus
1353 858 1551 935 umbris

157 987 260 1018 nox
285 969 453 1033 operit
477 974 656 1029 terras⁷
685 967 924 1030 quotiens
952 972 1093 1014 astra
1117 966 1269 1027 ignea
1297 963 1530 1026 surgunt,

159 1040 400 1106 admorsst
425 1057 480 1104 in
501 1056 693 1104 somnis
715 1061 766 1102 et
791 1055 1002 1102 turbida
1027 1058 1187 1102 terret
1215 1052 1414 1114 imago3

159 1161 240 1193 me
265 1161 392 1209 puer
417 1144 673 1192 Ascanius
709 1142 996 1205 capitisque
1033 1141 1225 1188 iniuria
1255 1139 1374 1199 cari,

161 1249 314 1295 quem
338 1248 494 1294 regno
519 1229 806 1294 Hesperiae
833 1230 1020 1277 fraudo
1041 1233 1093 1276 et
1119 1228 1370 1276 fatalibus
1391 1225 1543 1274 arvis.
1610 1227 1638 1268 l

159 1321 312 1367 Nunc
338 1305 496 1367 etiam
519 1318 777 1380 interpres
806 1298 1001 1376 ditum,
1029 1317 1153 1363 Iove
1180 1315 1370 1362 missus
1396 1314 1458 1361 ab
1485 1313 1602 1375 ipso

167 1407 350 1471 (testor
373 1412 652 1468 utrumque
678 1406 872 1469 caput),
899 1403 1080 1451 celeris
1109 1403 1352 1450 mandata
1375 1417 1465 1464 per
1493 1415 1644 1448 auras

163 1494 381 1555 detulit3
419 1473 531 1556 ipse
559 1494 714 1540 deum
741 1479 1022 1539 manifesto
1047 1490 1104 1538 in
1129 1490 1325 1537 lumine
1350 1488 1460 1536 vidi

163 1581 446 1629 intrantem
472 1596 646 1628 muros
671 1563 950 1641 vocemque
976 1578 1058 1626 his
1087 1577 1296 1625 auribus
1322 1574 1488 1623 hausi.

163 1669 356 1716 Desine
381 1683 563 1730 meque
588 1667 695 1715 tuis
721 1666 995 1713 incendere
1028 1669 1183 1727 teque
1208 1664 1449 1728 querelis.

163 1755 373 1803 Italiam
401 1771 505 1802 non
531 1758 715 1817 sponte
743 1752 959 1816 sequor!

165 1925 328 1965 Dido's
338 1924 515 1975 frenzy.
568 1908 574 1911 ¹

235 2020 382 2068 Talia
409 2019 664 2067 dicentem
689 2017 993 2066 iamdudum
1019 2032 1200 2065 aversa
1222 2019 1416 2075 tuetur,

165 2107 268 2155 huc
292 2106 416 2167 illuc
441 2105 654 2154 volvens
680 2105 867 2165 oculos,
895 2109 1165 2166 totumque
1202 2101 1434 2165 pererrat

166 2193 449 2241 luminibus
474 2193 649 2241 tacitis
676 2198 729 2240 et
763 2194 1075 2240 sic’accensa
1100 2190 1365 2252 profatur:

170 2286 182 2310 ⁶
197 2282 309 2328 Nec
334 2280 430 2328 tibi
456 2280 578 2328 diva
600 2296 804 2342 parens,
831 2278 1032 2340 generis
1058 2293 1153 2324 nec
1179 2277 1453 2324 Dardanus
1479 2279 1674 2337 auctor,

168 2367 378 2431 perfide,
406 2368 497 2415 sed
521 2367 664 2414 duris
686 2366 865 2427 genuit
889 2371 941 2413 te
962 2365 1197 2413 cautibus
1224 2363 1436 2411 horrens

170 2456 443 2514 Caucasus,
470 2455 852 2517 Hyrcanaeque
879 2454 1156 2501 admorunt
1182 2451 1340 2499 ubera
1365 2450 1542 2511 tigres.

169 2542 301 2590 Nam
327 2542 453 2604 quid
477 2541 750 2589 dissimulo
775 2545 865 2588 aut
885 2555 1015 2602 quae
1042 2555 1122 2586 me
1143 2538 1209 2586 ad
1234 2537 1430 2585 maiora
1453 2552 1660 2586 reservo
1677 2533 1704 2584 ?

170 2630 314 2676 Num
337 2628 463 2675 fletu
487 2627 740 2689 ingemuit
763 2627 986 2674 nostro?
1056 2627 1200 2674 Num
1224 2624 1423 2672 lumina
1445 2623 1591 2671 flexit
1609 2625 1634 2670 ⁶?

1840 1235 1910 1271 355

169 2716 314 2763 Num
342 2713 582 2762 lacrimas
615 2713 784 2762 victus
811 2712 956 2760 dedit
981 2717 1070 2760 aut
1095 2710 1370 2758 miseratus
1396 2715 1654 2758 amantem
1675 2714 1752 2757 est
1773 2711 1797 2756 ἶ)
1846 2718 1917 2755 370

170 2801 312 2860 Quae
337 2799 525 2866 quibus
551 2799 841 2848 anteferam
859 2801 884 2845 ?
957 2799 1072 2847 Iam
1097 2797 1201 2845 iam
1225 2812 1318 2843 nec
1343 2797 1571 2844 maxima
1596 2797 1732 2845 Iuno

382 2987 413 3004 s
