2148 3204
782 124 1090 163 AENEIDOS
1130 126 1245 162 LIB.
1291 125 1332 164 1.

193 261 282 302 The
304 268 421 312 story
438 264 491 314 of
505 264 638 304 Dido.

259 351 389 398 Tum
415 352 592 400 Venus
613 372 623 400 ε
663 352 851 400 ‘Haud
877 352 1118 415 equidem
1142 353 1238 400 tali
1264 362 1343 401 me
1370 353 1549 415 dignor
1574 354 1791 417 honere3

187 440 478 503 virginibus
506 439 679 502 Tyriis
705 447 814 487 mes
841 444 919 487 est
939 445 1139 500 gestare
1164 440 1460 502 pharetram

184 535 544 592 purpureeque
570 526 674 573 alte
700 533 844 577 suras
873 526 1068 573 vincire
1096 527 1360 575 cothurne.

185 615 383 664 Punica
406 622 566 675 regna
589 612 750 674 vides,
776 613 962 676 Tyries
990 618 1040 661 et
1066 613 1320 676 Agenoris
1346 615 1520 662 urbem
1540 633 1554 678 3

185 704 276 752 sed
300 703 436 750 fines
462 701 660 764 Libyci,
686 716 847 762 genus
874 700 1205 750 intractabile
1231 702 1380 751 belle.

186 788 471 853 Imperium
496 789 633 836 Dide
659 787 821 851 Tyria
845 788 978 849 regit
1004 789 1128 837 urbe
1153 790 1400 852 profecta,

185 885 481 939 germanum
510 874 732 937 fugiens.
810 877 987 938 Longa
1012 882 1091 925 est
1117 876 1534 939 iniuria‚-longae

183 965 422 1026 ambages
445 983 455 1026 3
494 964 585 1012 sed
610 979 809 1012 summa
835 980 1019 1026 sequar
1038 964 1252 1026 fastigia
1276 974 1462 1015 rerum.

184 1051 325 1100 Huic
350 1051 574 1099 coniunx
601 1051 862 1114 Sychaeus
888 1056 1012 1112 erat,
1041 1052 1329 1100 ditissimus
1354 1061 1465 1114 agri

183 1139 501 1187 Phoenicum
526 1142 577 1186 et
603 1146 788 1199 magne
813 1138 1029 1187 miserae
1055 1139 1275 1188 dilectus
1302 1149 1487 1201 amere,

183 1227 266 1275 cui
290 1231 437 1290 pater
462 1226 706 1274 intactam
736 1226 945 1274 dederat
970 1235 1253 1289 primisque
1280 1228 1483 1289 iugarat

184 1314 454 1363 eminibus.
529 1313 629 1361 Sed
654 1309 817 1374 regna
837 1314 964 1377 Tyri
989 1322 1261 1374 germanus
1287 1315 1510 1363 habebat

183 1400 508 1466 Pygmalffin,
535 1401 724 1449 scelere
750 1405 869 1449 ante
894 1401 1022 1449 alies
1048 1401 1322 1450 immanior
1346 1411 1527 1451 omnis.

184 1490 321 1546 Ques
348 1488 484 1536 inter
508 1488 706 1536 medius
734 1488 879 1536 venit
904 1489 1061 1536 furor.
1135 1489 1236 1537 Ille
1264 1490 1547 1553 Sychaeum

183 1576 377 1640 impius
401 1580 522 1624 ante
548 1583 661 1624 aras
683 1580 838 1638 atque
864 1584 976 1623 auri
1000 1592 1178 1625 caecus
1205 1586 1374 1625 amere

183 1663 316 1712 clam
339 1664 478 1711 ferre
502 1663 769 1711 incautum
796 1668 1020 1725 superat,
1048 1673 1256 1713 securus
1282 1673 1514 1713 amerum

184 1759 483 1813 germanae3
523 1751 823 1813 factumque
849 1751 940 1799 diu
966 1751 1155 1800 celavit
1181 1757 1232 1800 et
1257 1758 1466 1813 aegram

183 1837 350 1886 multa
372 1838 539 1886 malus
565 1837 815 1886 simulans
841 1846 974 1886 vana
1000 1847 1088 1901 spe
1108 1839 1235 1888 lusit
1255 1828 1527 1889 aniantem.

157 1925 308 1988 ipsa
327 1926 417 1973 sed
440 1925 496 1972 in
522 1933 714 1974 somnis
740 1925 1000 1974 inhumati
1022 1926 1166 1974 venit
1191 1926 1361 1988 image

182 2012 415 2075 coniugis
437 2033 448 2072 ;
486 2021 574 2060 era
599 2014 764 2061 modis
790 2004 1035 2062 attollens
1062 2014 1259 2077 pallida
1282 2023 1429 2064 miris

183 2101 404 2149 crudelis
429 2109 543 2149 aras
568 2101 887 2164 traiectaque
906 2097 1114 2165 pectera
1132 2103 1270 2151 ferre

183 2187 402 2235 nudavit
427 2203 732 2250 caecumque
757 2189 940 2237 domus
960 2189 1126 2238 scelus
1152 2206 1300 2237 omne
1325 2191 1529 2239 retexit.

178 2275 314 2321 Tum
340 2275 561 2323 celerare
586 2276 764 2336 fugam
784 2275 1053 2339 patriaque
1078 2278 1321 2325 excedere
1346 2279 1530 2328 suadet

183 2361 539 2425 auxiliumque
563 2362 678 2410 viae
704 2368 893 2411 veteris
917 2364 1106 2412 tellure
1130 2364 1354 2413 recludit

182 2447 467 2510 thesaures,
494 2448 727 2510 ignetum
754 2455 956 2510 argenti
981 2451 1182 2513 pondus
1209 2456 1260 2499 et
1285 2460 1411 2500 auri.

101 2592 109 2593 ἶ
182 2534 284 2583 His
310 2541 567 2584 commeta
590 2537 769 2598 fugam
796 2538 931 2586 Dide
959 2538 1224 2600 sociesque
1252 2541 1479 2602 parabat.

182 2622 525 2683 Conveniunt,
553 2623 740 2686 quibus
767 2629 857 2671 aut
882 2624 1056 2672 odium
1085 2627 1290 2674 crudele
1316 2632 1528 2690 tyranni

181 2712 272 2755 aut
296 2713 465 2756 metus
489 2717 605 2757 acer
629 2714 768 2772 erat3
807 2719 1120 2773 navissquae
1142 2713 1275 2759 forte
1303 2718 1526 2775 paratae,

179 2793 466 2859 corripiunt
491 2802 808 2865 onerantque
833 2805 957 2846 aure
971 2817 983 2860 3
1023 2804 1294 2862 portantur
1319 2807 1462 2848 avari

1869 115 1932 168 15

1861 366 1932 403 335

1861 1237 1933 1275 345

1860 1677 1932 1714 350

1859 2116 1930 2152 355

1857 2549 1925 2586 360
