2148 3204
701 171 1009 209 AENEIDos
1048 172 1166 208 ΜΒ.
1210 172 1278 210 11.
1796 159 1863 211 37

120 310 201 357 fas
227 309 356 356 mihi
383 309 655 358 Graiorum
683 314 885 357 sacrata
907 308 1163 357 resolvere
1188 308 1315 369 iura,

120 397 201 444 fas
228 396 398 444 odisse
425 396 563 444 viros
584 402 738 457 atque
764 396 937 443 omnia
960 396 1096 443 ferre
1117 395 1213 444 sub
1236 411 1402 456 auras,

122 483 167 531 si
193 499 294 546 qua
318 488 502 544 tegunt
523 503 533 544 3
560 489 739 530 teneor
764 466 962 545 patriae
988 498 1081 530 nec
1106 482 1305 545 legibus
1330 482 1470 531 ullis.

121 573 200 618 Tu
226 571 376 618 modo
401 570 671 632 promissis
697 585 904 617 maneas
932 575 1237 632 servataque
1263 585 1452 631 serves,
1799 582 1869 618 160

123 657 290 718 Troia,
318 656 489 718 fidem,
517 657 562 705 si
580 672 703 705 vera
726 657 908 718 feram,
936 656 981 704 si
1006 673 1194 719 magna
1218 657 1516 721 rependam.

125 834 267 876 Sinon
289 836 489 885 explains
507 835 576 875 the
596 835 775 875 wooden
795 835 933 876 horse.
987 878 989 880 ,

189 930 395 979 ‘Omnis
423 945 540 992 spes
566 930 802 977 Danaum
831 936 882 978 et
907 931 1077 994 coepti
1101 930 1293 979 fiducia
1316 930 1440 979 belli

121 1017 354 1065 Palladis
381 1017 593 1065 auxiliis
620 1033 822 1080 semper
848 1019 1009 1066 stetit.
1081 1019 1282 1081 lmpius
1308 1034 1371 1066 ex
1397 1035 1519 1082 quo¹

122 1105 354 1168 Tydides
381 1105 471 1152 sed
496 1104 634 1152 enim
660 1104 1012 1167 scelerumque
1038 1105 1280 1153 inventor
1304 1106 1509 1168 Ulixes,

121 1192 283 1240 fatale
310 1191 542 1253 adgressi
568 1196 767 1240 sacrato
792 1192 1015 1240 avellere
1041 1193 1238 1256 templo
1415 1205 1442 1225 Ψ·
1801 1205 1873 1240 165

121 1279 433 1336 Palladium,
461 1279 624 1326 caesis
653 1295 882 1327 summae
909 1279 1210 1328 custodibus
1235 1280 1383 1341 arcis,

122 1366 414 1428 corripuere
441 1381 638 1414 sacram
664 1365 882 1427 effigiem
909 1367 1251 1430 manibusque
1278 1368 1507 1418 cruentis

127 1453 384 1514 virgineas
411 1452 524 1501 ausi
550 1453 700 1501 divae
727 1452 1024 1514 contingere
1051 1454 1227 1515 vittas,

122 1556 187 1588 ex
211 1540 304 1587 illo
329 1540 486 1588 fluere
512 1556 569 1588 ac
595 1546 734 1588 retro
761 1541 1005 1603 sublapsa
1029 1542 1214 1589 referri

124 1643 242 1691 spes
268 1611 522 1689 Danaum,
549 1628 746 1675 fractae
772 1628 924 1688 vires,
952 1644 1135 1677 aversa
1160 1615 1284 1677 deae
1309 1646 1473 1681 mens.
1803 1642 1873 1680 170

122 1716 234 1763 Nec
252 1714 432 1763 ‘dubiis
458 1731 516 1777 ea
537 1715 685 1785 signa
710 1715 856 1763 dedit
877 1715 1115 1764 Tritonia
1140 1717 1402 1767 monstris.

123 1801 227 1850 Vix
252 1801 482 1864 positum
509 1788 692 1850 castris
720 1802 1068 1864 simulacrum,
1096 1819 1266 1851 arsere
1293 1820 1533 1854 coruscae

123 1888 411 1937 luminibus
437 1889 673 1937 flammae
700 1890 911 1938 arrectis
940 1890 1209 1953 salsusque
1235 1908 1326 1954 pei·
1352 1897 1495 1941 artus

124 1976 279 2024 sudor
303 1976 382 2037 iit,
405 1981 587 2038 terque
612 1977 728 2040 ipsa
753 1977 861 2025 solo
889 1977 1149 2040 (mirabile
1177 1979 1343 2045 dictu)
1614 1992 1645 2005 ⁴·

123 2062 336 2110 emicuit
361 2079 695 2126 parmamque
720 2064 895 2113 ferens
923 2064 1230 2128 hastamque
1257 2071 1585 2117 trementem.
1803 2079 1873 2115 175

121 2149 402 2213 Extemplo
425 2151 729 2219 temptanda
752 2152 879 2213 fuga
903 2152 1044 2200 canit
1071 2169 1294 2223 aequora
1320 2154 1554 2216 Calchas,

122 2252 218 2284 nec
241 2253 392 2299 posse
416 2221 937 2300 Argolicis‘exscindi
962 2240 1217 2301 Pergama
1240 2236 1376 2302 telis,

124 2323 298 2372 omina
321 2324 376 2371 ni
401 2312 640 2387 repetant
664 2325 822 2387 Argis
848 2342 1144 2389 numenque
1171 2311 1434 2389 reduc-ant,

123 2410 264 2472 quod
286 2410 470 2473 pelago
494 2396 742 2460 et—curvis
769 2429 940 2461 secum
966 2430 1182 2462 avexere
1208 2404 1412 2465 carinis.

122 2497 193 2543 Et
217 2512 354 2544 nunc
380 2498 518 2568 quod
535 2499 738 2573 patrias
764 2505 918 2547 vento
943 2501 1138 2563 petiere
1166 2503 1432 2566 Mycenas,
1801 2516 1872 2553 180

122 2598 267 2631 arma
290 2584 512 2646 deosque
537 2591 724 2647 parant
748 2574 974 2648 comites,
1003 2588 1284 2651 pelagoque
1309 2605 1545 2639 remenso

123 2668 394 2731 improvisi
420 2671 656 2720 ader.unt
727 2672 814 2720 Ita
839 2673 1028 2735 digerit
1053 2675 1225 2723 omina
1251 2676 1488 2726 Calchas.

124 2754 278 2803 Hanc
301 2772 396 2818 pro
420 2757 665 2806 Palladio
669 2737 893 2836 moniti,
912 2777 1003 2823 pro
1028 2763 1240 2809 numine
1264 2763 1404 2852 laeso
1497 2751 1522 2801 7-

123 2840 346 2903 effigiem
372 2847 637 2907 statuere,
636 2826 822 2895 ‘nefas
822 2863 951 2909 quae
976 2848 1127 2897 triste
1153 2848 1362 2912 piaret.

629 2915 851 2937 ffx-w.-.,
