2148 3204
255 114 323 167 72
790 129 845 164 P.
892 127 1148 166 Veserm
1185 125 1468 166 MAROMS

262 343 349 383 The
371 343 559 393 meetiny
579 343 684 382 with
706 342 1016 383 Andromache
1039 342 1129 383 and
1150 341 1364 382 Helenae.

321 445 425 493 Hic
451 445 771 493 incredibilis
798 461 969 492 rerum
995 444 1138 492 fama
1162 449 1380 507 occupat
1405 441 1563 505 auri-S,

253 531 554 580 Priamiden
581 532 841 579 Helenum
869 531 1054 580 Graias
1080 546 1292 592 regnare
1319 547 1409 593 per
1433 531 1604 592 urbes,
1931 538 2004 577 295

253 619 491 682 coniugio
516 618 773 667 Aeacidae
799 617 993 682 Pyrrhi
1017 617 1337 680 sceptrisque
1363 618 1603 680 potitum,

253 714 305 756 et
329 707 498 770 patrio
524 706 923 754 Andromachen
948 705 1139 753 iterum
1163 705 1380 754 cessisse
1405 705 1608 755 marito.

254 793 512 858 Obstipui,
539 794 772 856 miroque
797 793 1066 840 incensum
1091 798 1272 857 pectus
1299 808 1471 841 amore

254 882 563 945 compellare
591 881 760 929 virum
785 885 837 928 et
863 896 1011 928 casus
1037 895 1341 941 cognoscere
1367 884 1558 930 tantos.

254 969 563 1030 Progredior
589 973 755 1031 portu,
785 967 967 1016 classis
994 974 1045 1015 et
1070 967 1226 1015 litora
1250 968 1508 1030 linquens,
1937 975 2010 1013 300

255 1056 522 1105 sollemnis
548 1072 663 1104 cum
691 1056 825 1103 forte
851 1055 1010 1118 dapes
1037 1060 1089 1102 et
1114 1054 1288 1103 tristia
1315 1055 1451 1103 dona

254 1149 373 1192 ante
399 1144 574 1191 urbem
603 1143 658 1190 in
683 1142 798 1190 luco
823 1142 949 1190 falsi
978 1141 1258 1190 Simoentis
1286 1141 1351 1190 ad
1376 1143 1571 1200 undam

254 1231 451 1279 libabat
477 1230 637 1279 cineri
662 1228 1026 1277 Andromache
1052 1229 1328 1292 Manisque
1356 1231 1572 1278 vocabat

255 1319 569 1366 Hectoreum
596 1317 662 1365 ad
688 1317 963 1377 tumulum,
992 1316 1150 1364 viridi
1175 1332 1328 1379 quem
1357 1317 1583 1379 caespite
1609 1316 1820 1365 inanem

254 1410 306 1453 et
330 1405 577 1467 geminas,
605 1420 810 1452 causam
836 1404 1081 1464 lacrimis,
1109 1409 1403 1452 sacraverat
1429 1419 1561 1452 aras.
1934 1413 2008 1452 305

255 1494 333 1542 Ut
358 1508 438 1540 me
464 1491 735 1554 conspexit
762 1491 1056 1539 venientem
1084 1496 1134 1539 et
1161 1492 1318 1539 Troia
1343 1490 1535 1539 circum

254 1597 398 1629 arma
421 1596 597 1628 amens
626 1579 771 1641 vidit,
798 1579 1001 1640 magnis
1028 1579 1278 1627 exterrita
1301 1578 1549 1627 monstris

254 1667 482 1729 deriguit
506 1667 623 1714 visu
648 1667 703 1714 in
730 1666 915 1727 medio,
943 1666 1081 1714 calor
1107 1682 1224 1715 ossa
1247 1665 1478 1729 reliquit,

254 1754 448 1803 labitur
473 1759 524 1803 et
548 1754 701 1815 longo
728 1753 816 1802 vix
840 1754 1049 1802 tandem
1076 1761 1307 1816 tempore
1333 1754 1505 1806 fatur:

256 1847 268 1872 ‘
288 1843 489 1891 Verane
513 1846 565 1890 te
592 1842 768 1902 facieS‚
795 1857 948 1889 verus
976 1840 1103 1889 mihi
1128 1841 1343 1889 nuntius
1369 1841 1560 1902 adfers,
1934 1851 2009 1890 310

255 1935 375 1978 nate
400 1930 496 1977 dea
515 1931 555 1977 ?·
609 1929 826 1978 Vivisne
847 1931 872 1977 ἶ)
943 1929 1052 1976 Aut
1079 1928 1123 1976 si
1148 1928 1239 1975 lux
1265 1927 1402 1976 alma
1426 1929 1654 1990 recessit,

256 2018 452 2064 Hector
479 2015 566 2065 ubi
593 2021 671 2064 est
691 2018 715 2064 ?
733 2016 745 2040 ⁷
817 2015 969 2064 Dixit
994 2015 1338 2078 lacrimasque
1369 2015 1556 2063 effudit
1582 2021 1633 2064 et
1658 2031 1864 2065 omnem

255 2103 495 2166 implevit
521 2103 741 2151 clamore
767 2103 984 2169 locum.·{
1022 2102 1127 2151 Vix
1153 2117 1317 2165 pauca
1339 2101 1538 2150 furenti

257 2190 452 2239 subicio
479 2195 530 2238 et
557 2191 685 2238 raris
712 2191 950 2238 turbatus
979 2190 1189 2238 vocibus
1214 2189 1390 2238 hisco:

257 2283 269 2306 ‘
285 2278 419 2327 Vivo
445 2277 684 2339 equidem
712 2277 975 2340 vitamque
1002 2282 1233 2325 extrema
1255 2292 1345 2340 per
1370 2276 1544 2324 omnia
1567 2277 1730 2340 duco;
1933 2287 2006 2326 315

256 2381 319 2412 ne
345 2364 541 2424 dubita,
569 2380 688 2412 nain
714 2380 837 2412 vera
863 2364 1025 2414 vides,

258 2454 405 2501 Heu!
476 2453 594 2515 quis
622 2458 674 2500 te
701 2469 849 2502 casus
876 2453 1127 2501 deiectam
1155 2451 1371 2514 coniuge
1391 2458 1539 2501 tanto

257 2540 464 2603 excipit,
493 2545 582 2588 aut
608 2556 736 2602 quae
766 2540 924 2604 digna
949 2541 1074 2588 satis
1101 2541 1312 2588 fortuna
1335 2539 1535 2601 revisit,

259 2627 500 2675 Hectoris
528 2627 890 2674 Andromache
912 2630 936 2674 ἶ)
1008 2627 1236 2691 Pyrr-hin
1262 2626 1482 2674 conubia
1506 2642 1681 2675 servas
1702 2627 1730 2675 ¹?
1747 2625 1763 2653 ’

259 2713 460 2761 Deiecit
486 2713 682 2761 voltum
712 2719 763 2760 et
789 2714 1014 2761 demissa
1040 2730 1161 2761 voce
1188 2714 1360 2761 locuta
1384 2718 1492 2761 est:
1931 2722 2002 2760 320

264 2800 330 2849 ²0
358 2799 489 2847 felix
515 2815 618 2848 una
643 2806 763 2848 ante
790 2800 918 2848 alias
945 2800 1204 2848 Priameia
1229 2799 1390 2861 virgo,
