2148 3204
253 120 357 170 112
786 137 841 174 P.
887 137 1144 175 VERGILI
1184 118 1465 188 MARON'IS

1498 228 1591 273 “N-x}

210 322 212 325 .
249 289 400 335 nunc,
429 272 569 335 olim,
596 271 918 338 quocumque
945 264 1151 323 dabunt*
1171 250 1233 344 se
1248 272 1479 345 tempore
1511 275 1663 326 vires.

249 362 429 409 Litora
455 361 696 410 litoribus
723 363 995 424 contraria,
1023 362 1268 411 fluctibus
1295 365 1460 412 undas

247 448 515 512 imprecor,
545 464 689 497 arma
713 449 870 498 armis
888 469 902 511 3
949 454 1183 513 pugnent
1209 450 1413 513 ipsique
1439 452 1789 516 nepotesque!
1803 450 1821 480 ²
1854 511 1856 515 y

1786 516 1855 546 ...J

246 613 341 654 Her
360 614 503 654 death.

315 710 458 758 Haec
483 710 572 771 ait,
600 714 651 758 et
677 709 842 773 partis
857 709 1101 783 ⁸animum
1125 710 1366 759 versabat
1392 710 1446 758 in
1472 712 1654 773 omnis,
1915 723 1996 782 530

244 797 467 845 invisam
494 813 746 860 quaerens
776 813 927 860 quam
957 797 1182 860 primum
1210 799 1512 862 abrumpere
1546 799 1727 847 lucem.

243 886 372 932 Tum
401 885 627 933 breviter
654 886 854 933 Barcen
881 885 1135 933 nutricem
1164 886 1344 934 adfata
1379 887 1615 950 Sychaei,

241 989 463 1035 namque
490 989 634 1020 suam
661 973 832 1036 patria
859 973 1076 1036 antiqua
1103 973 1236 1021 cinis
1263 979 1372 1022 ater
1408 975 1658 1023 habebat:

242 1064 254 1087 ‘
269 1060 492 1121 Annam,
521 1076 638 1109 cara
663 1061 793 1107 mihi
819 1061 1014 1122 nutrix,
1044 1061 1145 1108 huc
1172 1061 1298 1109 siste
1325 1077 1578 1124 sororem,

241 1147 324 1195 dic
351 1163 535 1211 corpus
564 1153 802 1210 properet
830 1148 1030 1196 fluviali
1060 1165 1301 1212 spargere
1329 1149 1546 1213 lympha
1915 1145 1997 1217 935

240 1240 292 1282 et
317 1236 540 1298 pecudes
568 1251 740 1284 secum
768 1241 819 1284 et
845 1242 1135 1285 monstrata
1161 1237 1368 1299 piacula
1392 1237 1572 1300 ducat3

221 1323 312 1371 ‘sic
341 1323 529 1384 veniat,
557 1328 717 1386 tuque
746 1324 859 1387 ipsa
884 1324 971 1388 pia
995 1330 1111 1386 tege
1138 1331 1372 1388 tempora
1394 1326 1541 1374 Vitta.

242 1411 395 1459 Sacra
420 1411 535 1458 Iovi
562 1411 760 1474 Stygio,
792 1427 923 1474 quae
950 1413 1050 1460 rite
1080 1413 1289 1475 incepta
1313 1413 1508 1476 paravi,

240 1498 481 1561 perficere
507 1503 587 1547 est
612 1500 816 1547 animus
847 1500 1105 1563 finemque
1133 1500 1396 1563 imponere
1421 1502 1560 1549 curis

240 1579 595 1648 Dardaniique
621 1603 800 1648 rogum
828 1588 1014 1651 capitis
1044 1589 1344 1651 permittere
1370 1589 1640 1637 flamma&
1907 1586 1998 1660 Q

241 1674 325 1721 Sic
351 1673 437 1721 ait.
512 1674 616 1722 Illa
639 1675 854 1735 gradum
887 1676 1058 1723 studio
1089 1676 1347 1769 celerath
1372 1676 1513 1724 anili.

214 1744 312 1808 ‘At
337 1760 543 1824 trepida
569 1766 620 1809 et
645 1748 840 1825 coeptis
870 1762 1183 1811 immanibus
1211 1743 1369 1811 effera
1393 1764 1546 1824 Dido,
1584 1779 1664 1805 M

240 1842 574 1910 sanguineam
602 1849 816 1898 volvens
845 1851 1020 1910 aciem,
1049 1841 1369 1913 maculisque
1390 1851 1659 1901 trementis

241 1936 497 1984 interfusa
523 1925 692 1998 genas,
721 1943 772 1985 et
798 1937 995 2000 pallida
1024 1943 1185 1985 morte
1211 1938 1405 1998 futura,

239 2023 487 2071 interiora
513 2024 695 2072 domus
725 2024 978 2087 inrumpit
1004 2024 1201 2086 limina,
1221 2030 1271 2073 et
1296 2025 1428 2074 altos
1890 2037 1995 2089 «Q

240 2110 540 2159 conscendit:
567 2112 849 2159 furibunda
880 2127 1043 2173 rogos,
1073 2128 1348 2180 ensemque
1367 2113 1590 2163 recludit
1713 2100 1721 2107 „

184 2242 199 2251 ,
239 2198 575 2259 Dardanium,
607 2215 707 2246 non
734 2199 828 2247 hos
859 2200 1149 2262 quaesitum
1177 2216 1364 2247 munus
1390 2201 1444 2247 in
1470 2218 1608 2251 usus.

236 2270 356 2345 Hic,
384 2292 658 2348 postquam
689 2286 877 2335 Iliacas
909 2269 1076 2335 vestes
1102 2292 1385 2350 notumque
1412 2289 1579 2337 cubile

239 2372 522 2435 conspexit,
553 2374 767 2436 paulum
796 2373 1023 2422 lacrimis
1052 2379 1103 2421 et
1129 2379 1301 2422 mente
1328 2382 1526 2424 morata.

239 2458 575 2522 incubuitque
603 2465 715 2508 toro
742 2460 979 2522 dixitque
1006 2461 1289 2509 novissima
1311 2464 1491 2511 verba:
1919 2474 1992 2521 mo

177 2551 252 2593 „A
272 2546 461 2594 Dulces
490 2548 720 2607 exuviae,
749 2548 870 2594 dum
900 2549 1013 2595 fata
1040 2549 1267 2611 deusque
1307 2550 1522 2611 sinebat,
1638 2611 1640 2617 s

239 2633 456 2696 accipite
482 2634 615 2681 hanc
644 2635 868 2681 animam
897 2650 1079 2697 meque
1108 2634 1189 2683 his
1217 2636 1468 2684 exsolvite
1502 2638 1654 2688 curis.

238 2719 362 2768 Vixi
388 2725 453 2780 et,
483 2736 635 2782 quem
662 2721 874 2769 dederat
901 2737 1105 2769 cursum
1127 2723 1370 2783 Fortuna,
1391 2725 1589 2793 *pei-egi,

661 2829 696 2865 1.
734 2832 1012 2877 nepotesque:
1041 2829 1144 2866 with
1161 2840 1258 2877 —que
1278 2812 1571 2877 hypefinetric.
