<?xml version="1.0" encoding="UTF-8"?>
<!DOCTYPE html PUBLIC "-//W3C//DTD XHTML 1.0 Transitional//EN"
    "http://www.w3.org/TR/xhtml1/DTD/xhtml1-transitional.dtd">
<html xmlns="http://www.w3.org/1999/xhtml" xml:lang="en" lang="en">
 <head>
  <title>
</title>
<meta http-equiv="Content-Type" content="text/html;charset=utf-8" />
  <meta name='ocr-system' content='tesseract 3.04.00' />
  <meta name='ocr-capabilities' content='ocr_page ocr_carea ocr_par ocr_line ocrx_word'/>
</head>
<body>
  <div class='ocr_page' id='page_1' title='image "./virgilsaeneidboo00virgrich_0216.png"; bbox 0 0 2148 3204; ppageno 0'>
   <div class='ocr_carea' id='block_1_1' title="bbox 256 127 1466 179">
    <p class='ocr_par' dir='ltr' id='par_1_1' title="bbox 256 127 1466 179">
     <span class='ocr_line' id='line_1_1' title="bbox 256 127 1466 179; baseline -0.002 -1"><span class='ocrx_word' id='word_1_1' title='bbox 256 127 358 179; x_wconf 77' lang='lat'>124</span> <span class='ocrx_word' id='word_1_2' title='bbox 787 141 841 178; x_wconf 86' lang='lat' dir='ltr'>P.</span> <span class='ocrx_word' id='word_1_3' title='bbox 888 140 1146 178; x_wconf 79' lang='lat' dir='ltr'>VERGILI</span> <span class='ocrx_word' id='word_1_4' title='bbox 1184 138 1466 178; x_wconf 83' lang='lat' dir='ltr'>MARONIS</span> 
     </span>
    </p>
   </div>
   <div class='ocr_carea' id='block_1_2' title="bbox 251 277 1654 519">
    <p class='ocr_par' dir='ltr' id='par_1_2' title="bbox 251 277 1654 519">
     <span class='ocr_line' id='line_1_2' title="bbox 252 277 1654 340; baseline -0.001 -12"><span class='ocrx_word' id='word_1_5' title='bbox 252 281 397 329; x_wconf 84' lang='lat' dir='ltr'>vobis</span> <span class='ocrx_word' id='word_1_6' title='bbox 424 279 591 328; x_wconf 81' lang='lat' dir='ltr'>laetus</span> <span class='ocrx_word' id='word_1_7' title='bbox 619 294 711 340; x_wconf 83' lang='lat' dir='ltr'>ego</span> <span class='ocrx_word' id='word_1_8' title='bbox 737 277 833 326; x_wconf 90' lang='lat' dir='ltr'>hoc</span> <span class='ocrx_word' id='word_1_9' title='bbox 861 279 1165 326; x_wconf 85' lang='lat' dir='ltr'>candentem</span> <span class='ocrx_word' id='word_1_10' title='bbox 1192 278 1247 324; x_wconf 91' lang='lat' dir='ltr'>in</span> <span class='ocrx_word' id='word_1_11' title='bbox 1267 277 1420 325; x_wconf 86' lang='lat' dir='ltr'>litore</span> <span class='ocrx_word' id='word_1_12' title='bbox 1445 281 1654 326; x_wconf 83' lang='lat' dir='ltr'>taurum</span> 
     </span>
     <span class='ocr_line' id='line_1_3' title="bbox 251 364 1569 426; baseline -0.002 -10"><span class='ocrx_word' id='word_1_13' title='bbox 251 367 564 416; x_wconf 85' lang='lat' dir='ltr'>constituam</span> <span class='ocrx_word' id='word_1_14' title='bbox 591 370 710 414; x_wconf 85' lang='lat' dir='ltr'>ante</span> <span class='ocrx_word' id='word_1_15' title='bbox 737 375 851 413; x_wconf 82' lang='lat' dir='ltr'>aras</span> <span class='ocrx_word' id='word_1_16' title='bbox 879 364 987 412; x_wconf 89' lang='lat' dir='ltr'>voti</span> <span class='ocrx_word' id='word_1_17' title='bbox 1014 380 1132 412; x_wconf 82' lang='lat' dir='ltr'>reus</span> <span class='ocrx_word' id='word_1_18' title='bbox 1159 368 1381 426; x_wconf 84' lang='lat' dir='ltr'>extaque</span> <span class='ocrx_word' id='word_1_19' title='bbox 1408 364 1569 413; x_wconf 80' lang='lat' dir='ltr'>salsos</span> 
     </span>
     <span class='ocr_line' id='line_1_4' title="bbox 251 450 1600 519; baseline -0.003 -17"><span class='ocrx_word' id='word_1_20' title='bbox 251 454 527 519; x_wconf 78' lang='lat' dir='ltr'>porriciam</span> <span class='ocrx_word' id='word_1_21' title='bbox 553 452 608 500; x_wconf 90' lang='lat' dir='ltr'>in</span> <span class='ocrx_word' id='word_1_22' title='bbox 633 452 822 501; x_wconf 86' lang='lat' dir='ltr'>fluctus</span> <span class='ocrx_word' id='word_1_23' title='bbox 849 456 898 500; x_wconf 90' lang='lat' dir='ltr'>et</span> <span class='ocrx_word' id='word_1_24' title='bbox 924 452 1047 500; x_wconf 86' lang='lat' dir='ltr'>vina</span> <span class='ocrx_word' id='word_1_25' title='bbox 1071 451 1328 515; x_wconf 71' lang='lat' dir='ltr'>liquentia</span> <span class='ocrx_word' id='word_1_26' title='bbox 1351 450 1600 499; x_wconf 66' lang='lat' dir='ltr'>fundam?</span> 
     </span>
    </p>
   </div>
   <div class='ocr_carea' id='block_1_3' title="bbox 1046 859 1047 878">
    <p class='ocr_par' dir='ltr' id='par_1_3' title="bbox 1046 859 1047 878">
     <span class='ocr_line' id='line_1_5' title="bbox 1046 859 1047 878; baseline 0 0"><span class='ocrx_word' id='word_1_27' title='bbox 1046 859 1047 878; x_wconf 95' lang='lat' dir='ltr'> </span> 
     </span>
    </p>
   </div>
   <div class='ocr_carea' id='block_1_4' title="bbox 667 903 685 904">
    <p class='ocr_par' dir='ltr' id='par_1_4' title="bbox 667 903 685 904">
     <span class='ocr_line' id='line_1_6' title="bbox 667 903 685 904; baseline 0 0"><span class='ocrx_word' id='word_1_28' title='bbox 667 903 685 904; x_wconf 95' lang='lat' dir='ltr'> </span> 
     </span>
    </p>
   </div>
   <div class='ocr_carea' id='block_1_5' title="bbox 668 894 669 917">
    <p class='ocr_par' dir='ltr' id='par_1_5' title="bbox 668 894 669 917">
     <span class='ocr_line' id='line_1_7' title="bbox 668 894 669 917; baseline 0 0"><span class='ocrx_word' id='word_1_29' title='bbox 668 894 669 917; x_wconf 95' lang='lat' dir='ltr'> </span> 
     </span>
    </p>
   </div>
   <div class='ocr_carea' id='block_1_6' title="bbox 666 909 760 913">
    <p class='ocr_par' dir='ltr' id='par_1_6' title="bbox 666 909 760 913">
     <span class='ocr_line' id='line_1_8' title="bbox 666 909 760 913; baseline 0 0"><span class='ocrx_word' id='word_1_30' title='bbox 666 909 760 913; x_wconf 95' lang='lat' dir='ltr'> </span> 
     </span>
    </p>
   </div>
   <div class='ocr_carea' id='block_1_7' title="bbox 682 899 683 925">
    <p class='ocr_par' dir='ltr' id='par_1_7' title="bbox 682 899 683 925">
     <span class='ocr_line' id='line_1_9' title="bbox 682 899 683 925; baseline 0 0"><span class='ocrx_word' id='word_1_31' title='bbox 682 899 683 925; x_wconf 95' lang='lat' dir='ltr'> </span> 
     </span>
    </p>
   </div>
   <div class='ocr_carea' id='block_1_8' title="bbox 604 957 605 977">
    <p class='ocr_par' dir='ltr' id='par_1_8' title="bbox 604 957 605 977">
     <span class='ocr_line' id='line_1_10' title="bbox 604 957 605 977; baseline 0 0"><span class='ocrx_word' id='word_1_32' title='bbox 604 957 605 977; x_wconf 95' lang='lat' dir='ltr'> </span> 
     </span>
    </p>
   </div>
   <div class='ocr_carea' id='block_1_9' title="bbox 256 583 1676 1712">
    <p class='ocr_par' dir='ltr' id='par_1_9' title="bbox 256 583 1676 1712">
     <span class='ocr_line' id='line_1_11' title="bbox 256 583 1676 1712; baseline 0 0"><span class='ocrx_word' id='word_1_33' title='bbox 256 583 1676 1712; x_wconf 95' lang='lat' dir='ltr'> </span> 
     </span>
    </p>
   </div>
   <div class='ocr_carea' id='block_1_10' title="bbox 475 1751 1379 1789">
    <p class='ocr_par' dir='ltr' id='par_1_10' title="bbox 475 1751 1379 1789">
     <span class='ocr_line' id='line_1_12' title="bbox 475 1751 1379 1789; baseline -0.003 0"><span class='ocrx_word' id='word_1_34' title='bbox 475 1752 572 1789; x_wconf 83' lang='lat' dir='ltr'>FIG.</span> <span class='ocrx_word' id='word_1_35' title='bbox 600 1753 660 1788; x_wconf 85' lang='lat'>23.</span> <span class='ocrx_word' id='word_1_36' title='bbox 717 1752 751 1788; x_wconf 92' lang='lat' dir='ltr'><strong>A</strong></span> <span class='ocrx_word' id='word_1_37' title='bbox 777 1751 1030 1789; x_wconf 82' lang='lat' dir='ltr'>SEA-DEITY</span> <span class='ocrx_word' id='word_1_38' title='bbox 1058 1760 1154 1787; x_wconf 86' lang='lat' dir='ltr'>AND</span> <span class='ocrx_word' id='word_1_39' title='bbox 1182 1751 1379 1786; x_wconf 79' lang='lat' dir='ltr'><strong>FAMILY.</strong></span> 
     </span>
    </p>
   </div>
   <div class='ocr_carea' id='block_1_11' title="bbox 246 1862 1614 2278">
    <p class='ocr_par' dir='ltr' id='par_1_11' title="bbox 246 1862 1614 2191">
     <span class='ocr_line' id='line_1_13' title="bbox 248 1862 1582 1929; baseline -0.002 -15"><span class='ocrx_word' id='word_1_40' title='bbox 248 1866 414 1927; x_wconf 82' lang='lat' dir='ltr'>Dixit,</span> <span class='ocrx_word' id='word_1_41' title='bbox 442 1882 661 1929; x_wconf 86' lang='lat' dir='ltr'>eumque</span> <span class='ocrx_word' id='word_1_42' title='bbox 687 1865 806 1914; x_wconf 84' lang='lat' dir='ltr'>imis</span> <span class='ocrx_word' id='word_1_43' title='bbox 834 1866 927 1914; x_wconf 85' lang='lat' dir='ltr'>sub</span> <span class='ocrx_word' id='word_1_44' title='bbox 952 1864 1196 1913; x_wconf 83' lang='lat' dir='ltr'>fluctibus</span> <span class='ocrx_word' id='word_1_45' title='bbox 1222 1863 1388 1913; x_wconf 89' lang='lat' dir='ltr'>audiit</span> <span class='ocrx_word' id='word_1_46' title='bbox 1415 1862 1582 1911; x_wconf 81' lang='lat' dir='ltr'>omnis</span> 
     </span>
     <span class='ocr_line' id='line_1_14' title="bbox 247 1950 1614 2016; baseline -0.004 -14"><span class='ocrx_word' id='word_1_47' title='bbox 247 1954 532 2002; x_wconf 79' lang='lat' dir='ltr'>Nereidum</span> <span class='ocrx_word' id='word_1_48' title='bbox 558 1953 849 2016; x_wconf 78' lang='lat' dir='ltr'>Phorcique</span> <span class='ocrx_word' id='word_1_49' title='bbox 871 1953 1057 2001; x_wconf 81' lang='lat' dir='ltr'>chorus</span> <span class='ocrx_word' id='word_1_50' title='bbox 1082 1953 1426 2014; x_wconf 81' lang='lat' dir='ltr'>Panopeaque</span> <span class='ocrx_word' id='word_1_51' title='bbox 1452 1950 1614 2012; x_wconf 82' lang='lat' dir='ltr'>virgo,</span> 
     </span>
     <span class='ocr_line' id='line_1_15' title="bbox 248 2041 1523 2104; baseline -0.005 -15"><span class='ocrx_word' id='word_1_52' title='bbox 248 2046 301 2089; x_wconf 91' lang='lat' dir='ltr'>et</span> <span class='ocrx_word' id='word_1_53' title='bbox 325 2046 472 2104; x_wconf 82' lang='lat' dir='ltr'>pater</span> <span class='ocrx_word' id='word_1_54' title='bbox 497 2041 607 2103; x_wconf 85' lang='lat' dir='ltr'>ipse</span> <span class='ocrx_word' id='word_1_55' title='bbox 634 2057 789 2088; x_wconf 84' lang='lat' dir='ltr'>manu</span> <span class='ocrx_word' id='word_1_56' title='bbox 816 2055 1003 2101; x_wconf 84' lang='lat' dir='ltr'>magna</span> <span class='ocrx_word' id='word_1_57' title='bbox 1027 2041 1288 2087; x_wconf 85' lang='lat' dir='ltr'>Portunus</span> <span class='ocrx_word' id='word_1_58' title='bbox 1317 2042 1523 2085; x_wconf 88' lang='lat' dir='ltr'>euntem</span> 
     </span>
     <span class='ocr_line' id='line_1_16' title="bbox 246 2124 1508 2191; baseline -0.002 -17"><span class='ocrx_word' id='word_1_59' title='bbox 246 2127 486 2191; x_wconf 81' lang='lat' dir='ltr'>impulit:</span> <span class='ocrx_word' id='word_1_60' title='bbox 526 2128 620 2175; x_wconf 89' lang='lat' dir='ltr'>illa</span> <span class='ocrx_word' id='word_1_61' title='bbox 643 2128 783 2176; x_wconf 86' lang='lat' dir='ltr'>Noto</span> <span class='ocrx_word' id='word_1_62' title='bbox 808 2127 963 2175; x_wconf 84' lang='lat' dir='ltr'>citius</span> <span class='ocrx_word' id='word_1_63' title='bbox 990 2125 1289 2188; x_wconf 81' lang='lat' dir='ltr'>volucrique</span> <span class='ocrx_word' id='word_1_64' title='bbox 1315 2124 1508 2186; x_wconf 83' lang='lat' dir='ltr'>sagitta</span> 
     </span>
    </p>

    <p class='ocr_par' dir='ltr' id='par_1_12' title="bbox 249 2211 1438 2278">
     <span class='ocr_line' id='line_1_17' title="bbox 249 2211 1438 2278; baseline -0.004 -15"><span class='ocrx_word' id='word_1_65' title='bbox 249 2215 317 2263; x_wconf 89' lang='lat' dir='ltr'>ad</span> <span class='ocrx_word' id='word_1_66' title='bbox 339 2219 530 2263; x_wconf 81' lang='lat' dir='ltr'>terram</span> <span class='ocrx_word' id='word_1_67' title='bbox 557 2214 697 2277; x_wconf 83' lang='lat' dir='ltr'>fugit</span> <span class='ocrx_word' id='word_1_68' title='bbox 722 2219 773 2263; x_wconf 92' lang='lat' dir='ltr'>et</span> <span class='ocrx_word' id='word_1_69' title='bbox 799 2218 953 2278; x_wconf 82' lang='lat' dir='ltr'>portu</span> <span class='ocrx_word' id='word_1_70' title='bbox 978 2229 1032 2262; x_wconf 83' lang='lat' dir='ltr'>se</span> <span class='ocrx_word' id='word_1_71' title='bbox 1058 2211 1292 2261; x_wconf 81' lang='lat' dir='ltr'>condidit</span> <span class='ocrx_word' id='word_1_72' title='bbox 1317 2211 1438 2260; x_wconf 88' lang='lat' dir='ltr'>alto.</span> 
     </span>
    </p>
   </div>
   <div class='ocr_carea' id='block_1_12' title="bbox 249 2383 969 2433">
    <p class='ocr_par' dir='ltr' id='par_1_13' title="bbox 249 2383 969 2433">
     <span class='ocr_line' id='line_1_18' title="bbox 249 2383 969 2433; baseline 0 -9"><span class='ocrx_word' id='word_1_73' title='bbox 249 2383 426 2424; x_wconf 78' lang='lat' dir='ltr'>Aeneas</span> <span class='ocrx_word' id='word_1_74' title='bbox 447 2383 702 2423; x_wconf 63' lang='lat' dir='ltr'>distributas</span> <span class='ocrx_word' id='word_1_75' title='bbox 723 2384 792 2424; x_wconf 77' lang='lat' dir='ltr'>the</span> <span class='ocrx_word' id='word_1_76' title='bbox 805 2384 969 2433; x_wconf 63' lang='lat' dir='ltr'>prizea</span> 
     </span>
    </p>
   </div>
   <div class='ocr_carea' id='block_1_13' title="bbox 250 2475 1629 2893">
    <p class='ocr_par' dir='ltr' id='par_1_14' title="bbox 250 2475 1629 2893">
     <span class='ocr_line' id='line_1_19' title="bbox 318 2475 1622 2538; baseline -0.002 -12"><span class='ocrx_word' id='word_1_77' title='bbox 318 2480 448 2526; x_wconf 86' lang='lat' dir='ltr'>Tum</span> <span class='ocrx_word' id='word_1_78' title='bbox 478 2483 621 2527; x_wconf 81' lang='lat' dir='ltr'>satus</span> <span class='ocrx_word' id='word_1_79' title='bbox 649 2477 894 2538; x_wconf 82' lang='lat' dir='ltr'>Anchisa,</span> <span class='ocrx_word' id='word_1_80' title='bbox 923 2476 1126 2525; x_wconf 82' lang='lat' dir='ltr'>cunctis</span> <span class='ocrx_word' id='word_1_81' title='bbox 1153 2492 1217 2524; x_wconf 85' lang='lat' dir='ltr'>ex</span> <span class='ocrx_word' id='word_1_82' title='bbox 1243 2491 1381 2523; x_wconf 85' lang='lat' dir='ltr'>more</span> <span class='ocrx_word' id='word_1_83' title='bbox 1407 2475 1622 2537; x_wconf 81' lang='lat' dir='ltr'>vocatis,</span> 
     </span>
     <span class='ocr_line' id='line_1_20' title="bbox 250 2562 1493 2628; baseline -0.004 -15"><span class='ocrx_word' id='word_1_84' title='bbox 250 2566 497 2614; x_wconf 79' lang='lat' dir='ltr'>victorem</span> <span class='ocrx_word' id='word_1_85' title='bbox 526 2582 712 2627; x_wconf 82' lang='lat' dir='ltr'>magna</span> <span class='ocrx_word' id='word_1_86' title='bbox 735 2565 999 2628; x_wconf 82' lang='lat' dir='ltr'>praeconis</span> <span class='ocrx_word' id='word_1_87' title='bbox 1026 2578 1149 2611; x_wconf 90' lang='lat' dir='ltr'>voce</span> <span class='ocrx_word' id='word_1_88' title='bbox 1184 2562 1493 2611; x_wconf 83' lang='lat' dir='ltr'>Cloanthum</span> 
     </span>
     <span class='ocr_line' id='line_1_21' title="bbox 253 2649 1446 2714; baseline -0.003 -14"><span class='ocrx_word' id='word_1_89' title='bbox 253 2653 480 2701; x_wconf 76' lang='lat' dir='ltr'>declarat</span> <span class='ocrx_word' id='word_1_90' title='bbox 508 2653 766 2714; x_wconf 81' lang='lat' dir='ltr'>viridique</span> <span class='ocrx_word' id='word_1_91' title='bbox 791 2651 1000 2699; x_wconf 84' lang='lat' dir='ltr'>advelat</span> <span class='ocrx_word' id='word_1_92' title='bbox 1025 2655 1261 2712; x_wconf 83' lang='lat' dir='ltr'>tempora</span> <span class='ocrx_word' id='word_1_93' title='bbox 1287 2649 1446 2710; x_wconf 87' lang='lat' dir='ltr'>lauro,</span> 
     </span>
     <span class='ocr_line' id='line_1_22' title="bbox 252 2736 1488 2801; baseline -0.004 -14"><span class='ocrx_word' id='word_1_94' title='bbox 252 2755 565 2801; x_wconf 82' lang='lat' dir='ltr'>muneraque</span> <span class='ocrx_word' id='word_1_95' title='bbox 593 2739 645 2785; x_wconf 84' lang='lat' dir='ltr'>in</span> <span class='ocrx_word' id='word_1_96' title='bbox 672 2738 819 2786; x_wconf 78' lang='lat' dir='ltr'>navis</span> <span class='ocrx_word' id='word_1_97' title='bbox 845 2743 1018 2785; x_wconf 83' lang='lat' dir='ltr'>ternos</span> <span class='ocrx_word' id='word_1_98' title='bbox 1045 2741 1223 2799; x_wconf 82' lang='lat' dir='ltr'>optare</span> <span class='ocrx_word' id='word_1_99' title='bbox 1245 2736 1488 2783; x_wconf 85' lang='lat' dir='ltr'>iuvencos</span> 
     </span>
     <span class='ocr_line' id='line_1_23' title="bbox 251 2821 1629 2893; baseline -0.005 -16"><span class='ocrx_word' id='word_1_100' title='bbox 251 2827 474 2893; x_wconf 84' lang='lat' dir='ltr'>vinaque</span> <span class='ocrx_word' id='word_1_101' title='bbox 499 2831 552 2875; x_wconf 90' lang='lat' dir='ltr'>et</span> <span class='ocrx_word' id='word_1_102' title='bbox 576 2825 778 2887; x_wconf 83' lang='lat' dir='ltr'>argenti</span> <span class='ocrx_word' id='word_1_103' title='bbox 805 2840 1047 2886; x_wconf 85' lang='lat' dir='ltr'>magnum</span> <span class='ocrx_word' id='word_1_104' title='bbox 1075 2824 1167 2871; x_wconf 87' lang='lat' dir='ltr'>dat</span> <span class='ocrx_word' id='word_1_105' title='bbox 1191 2823 1328 2870; x_wconf 81' lang='lat' dir='ltr'>ferre</span> <span class='ocrx_word' id='word_1_106' title='bbox 1358 2821 1629 2870; x_wconf 86' lang='lat' dir='ltr'>talentum.</span> 
     </span>
    </p>
   </div>
   <div class='ocr_carea' id='block_1_14' title="bbox 1927 2568 1998 2605">
    <p class='ocr_par' dir='ltr' id='par_1_15' title="bbox 1927 2568 1998 2605">
     <span class='ocr_line' id='line_1_24' title="bbox 1927 2568 1998 2605; baseline 0 0"><span class='ocrx_word' id='word_1_107' title='bbox 1927 2568 1998 2605; x_wconf 85' lang='lat'>245</span> 
     </span>
    </p>
   </div>
   <div class='ocr_carea' id='block_1_15' title="bbox 2129 0 2148 1548">
    <p class='ocr_par' dir='ltr' id='par_1_16' title="bbox 2129 0 2148 1548">
     <span class='ocr_line' id='line_1_25' title="bbox 2129 0 2148 1548; baseline 0 0"><span class='ocrx_word' id='word_1_108' title='bbox 2129 0 2148 1548; x_wconf 95' lang='lat' dir='ltr'> </span> 
     </span>
    </p>
   </div>
  </div>
 </body>
</html>
