2148 3204
280 127 348 180 34
815 139 869 176 P.
914 138 1176 177 VERGILI
1213 137 1495 175 MARoms

279 280 391 338 Quo
417 278 613 341 gemitu
633 277 867 327 conversi
888 277 1063 339 animi,
1092 292 1415 340 compressus
1441 280 1494 324 et
1519 274 1686 325 omnis

281 367 523 430 impetus.
593 367 881 414 Hortamur
905 365 1022 425 fari,
1050 380 1153 427 quo
1179 364 1429 425 sanguine
1455 368 1642 425 cretus,

281 454 473 518 quidve
498 454 666 515 ferat3
704 458 968 513 memoret,
990 467 1120 515 quae
1148 451 1217 499 sit
1241 450 1433 499 fiducia
1459 456 1628 514 capto.

281 542 383 589 Ille
409 541 550 602 haec,
577 539 816 604 deposita
838 539 1048 588 tandem
1075 538 1371 600 formidine,
1398 538 1557 588 fatur.

285 706 471 748 Smon's
490 711 623 757 story.

351 802 582 851 ‘Cuncta
605 800 847 864 equidem
870 799 984 862 tibi,
1012 815 1118 861 reX,
1136 798 1299 848 fuerit
1324 798 1698 862 quodcumque,
1724 795 1929 846 fatebor

284 890 435 950 ve1·a‚’
463 869 662 952 inquit:
703 893 892 951 ‘neque
920 903 999 936 me
1024 887 1263 949 Argolica
1287 886 1350 935 de
1377 891 1527 948 gente
1552 885 1775 947 negabo:

282 979 379 1026 hoc
409 977 664 1040 primum3
702 966 796 1024 nec
823 976 866 1024 si
884 976 1130 1024 miserum
1156 976 1390 1022 Fortuna
1411 974 1655 1022 Sinonem

283 1055 453 1125 finxit,
480 1080 667 1112 vanum
693 1064 852 1111 etiam
872 1064 1277 1125 mendacemque
1304 1061 1538 1124 improba
1562 1060 1741 1122 finget.

285 1153 463 1201 Fando
489 1151 701 1214 aliquod
721 1150 766 1200 si
785 1151 919 1198 forte
944 1156 1061 1199 tuas
1088 1149 1326 1213 pervenit
1351 1149 1416 1196 ad
1441 1148 1579 1201 auris

286 1239 498 1288 Belidae
524 1254 711 1287 nomen
735 1238 1031 1286 Palamedis
1057 1243 1108 1285 et
1133 1236 1331 1284 incluta
1348 1236 1490 1284 fama
1657 1262 1676 1266 -

287 1327 464 1388 gloria,
492 1341 646 1389 quem
667 1326 804 1373 falsa
830 1326 924 1373 sub
951 1324 1243 1388 proditione
1264 1323 1473 1385 Pelasgi

285 1415 544 1463 insontem
572 1412 791 1461 infando
816 1412 1026 1473 indicio,
1055 1412 1178 1475 quia
1202 1411 1340 1460 bella
1366 1411 1590 1473 vetabat,

287 1501 537 1550 demisere
564 1500 693 1561 neci,
715 1515 853 1548 nunc
873 1515 1077 1548 cassum
1103 1498 1299 1546 lumine
1324 1498 1505 1560 lugent
1526 1517 1535 1546 :

287 1588 369 1636 illi
394 1604 475 1635 me
501 1587 742 1636 comitem
769 1592 820 1635 et
846 1585 1296 1648 consanguinitate
1332 1585 1683 1648 propinquum

285 1691 481 1739 pauper
510 1675 564 1722 in
586 1690 729 1722 arma
753 1679 900 1737 pater
925 1674 1109 1737 primis
1134 1673 1236 1722 huc
1261 1672 1405 1721 misit
1430 1673 1493 1720 ab
1519 1671 1687 1721 annis.

286 1764 426 1810 Dum
447 1762 616 1811 stabat
641 1778 797 1823 regno
823 1761 1098 1810 incolumis
1124 1775 1405 1823 regumque
1431 1759 1641 1821 vigebat

288 1849 535 1910 conciliis,
564 1855 614 1897 et
638 1865 731 1897 nos
759 1849 971 1911 aliquod
996 1863 1286 1910 nomenque
1313 1848 1572 1909 decusque

288 1937 558 2000 gessimus.
630 1936 840 1984 Invidia
864 1941 1140 1999 postquam
1173 1934 1387 1998 pellacis
1413 1933 1566 1983 Ulixi

291 2024 452 2088 (haud
478 2023 655 2085 ignota
679 2007 887 2088 loquo1-)'
912 2023 1112 2085 superis
1135 2021 1390 2071 concessit
1415 2021 1480 2069 ab
1499 2019 1619 2081 oris,

289 2111 527 2160 adflictus
556 2111 716 2158 vitam
743 2110 798 2156 in
824 2110 1052 2158 tenebris
1077 2110 1326 2172 luctuque
1351 2107 1620 2156 trahebam

289 2203 340 2246 et
358 2214 530 2246 casum
558 2198 780 2245 insontis
808 2213 1005 2245 mecum
1028 2196 1336 2258 indignabar
1361 2195 1530 2243 amici.

288 2286 399 2333 Nec
418 2285 556 2332 tacui
581 2284 791 2332 demens
821 2289 873 2332 et
905 2300 1000 2345 me,
1028 2285 1135 2333 fors
1157 2284 1201 2332 si
1226 2299 1329 2346 qua
1350 2282 1574 2342 tulisset,

289 2372 333 2420 si
354 2372 549 2435 patrios
577 2387 817 2433 umquam
842 2387 1150 2419 remeassem
1172 2371 1338 2418 victor
1363 2370 1428 2418 ad
1454 2370 1637 2430 Argos,

290 2458 504 2522 promisi
530 2457 746 2506 ultorem
770 2464 821 2505 et
849 2457 1018 2506 verbis
1053 2458 1172 2505 odia
1197 2472 1381 2520 aspera
1405 2455 1559 2504 movi.

292 2546 431 2593 Hinc
458 2545 585 2592 mihi
618 2545 780 2608 prima
802 2545 924 2591 mali
952 2545 1108 2605 labes,
1136 2544 1257 2592 hinc
1285 2558 1485 2606 semper
1511 2542 1700 2592 Ulixes

290 2632 594 2680 criminibus
621 2636 810 2679 terrere
836 2631 1002 2688 novis,
1030 2629 1152 2678 hinc
1181 2645 1420 2693 spargere
1450 2644 1600 2677 voces

291 2720 345 2767 in
372 2719 578 2781 volgum
607 2717 875 2780 ambiguas
903 2722 954 2764 et
981 2732 1226 2780 quaerere
1254 2716 1487 2765 conscius
1513 2731 1671 2763 arma.

290 2808 401 2854 Nec
428 2804 686 2868 requievit
711 2804 864 2864 enim,
892 2804 1053 2851 donec
1079 2803 1362 2853 Calchante
1387 2802 1630 2851 ministro
1656 2831 1705 2837 —

1985 458 2035 497 75

1972 2811 2042 2849 100
