2148 3204
706 126 1014 165 AENEIDOS
1053 125 1174 162 LIB.
1217 123 1311 162 111.

143 275 273 321 Tum
304 287 420 318 vero
446 266 664 331 ancipiti
689 270 915 313 mentem
941 261 1222 312 formidine
1246 276 1456 324 pressus

142 358 371 421 obstipui
396 359 755 416 steteruntque
773 351 787 379 ¹
813 368 986 400 comae
1011 355 1062 398 et
1089 365 1190 398 vox
1214 347 1453 396 faucibus
1479 345 1665 393 haesit.
1692 346 1755 406 Μ

73 576 79 584 ,
149 534 235 573 The
256 537 375 582 story
397 531 451 582 of
463 529 696 570 murder-ed
717 527 978 577 Polydorus.

210 629 367 675 Hunc
391 625 710 690 Polydorum
736 622 848 671 auri
874 620 1134 685 quondam
1157 633 1273 666 cum
1299 614 1526 680 pondere
1549 629 1738 675 magno

143 713 332 763 infelix
358 713 599 761 Priamus
624 711 808 759 furtim
836 709 1107 757 mandarat
1132 705 1376 755 alendum

145 801 385 850 Threicio
409 800 534 861 regi,
560 815 675 847 cum
703 798 807 845 iam
833 796 1089 844 diffideret
1114 791 1271 842 armis

145 887 439 937 Dardaniae
466 886 706 948 cingique
731 884 912 932 urbem
938 881 1203 930 obsidione
1229 879 1444 928 videret.

83 1011 85 1014 -
145 979 262 1040 Ille,
287 983 345 1026 ut
371 992 493 1040 opes
519 976 717 1023 fractae
743 975 995 1021 Teucrum
1023 974 1076 1018 et
1095 970 1308 1017 fortuna
1331 960 1561 1027 recessit,

146 1082 227 1114 res
257 1061 696 1126 Agamemnonias
723 1058 1064 1120 victriciaque
1090 1071 1234 1104 arma
1259 1057 1463 1103 secutus

147 1154 230 1201 fas
256 1167 404 1201 omne
430 1149 718 1212 abrumpit3
756 1147 1076 1210 Polydorum
1103 1144 1374 1191 obtruncat
1400 1145 1451 1188 et
1475 1153 1600 1188 auro

146 1241 201 1288 vi
226 1236 460 1303 potitur.2
527 1236 663 1293 Quid
686 1251 790 1282 non
815 1232 1058 1281 mortalia
1081 1236 1291 1295 pectora
1326 1227 1482 1289 cogis,

150 1326 264 1376 auri
289 1341 434 1374 sacra
457 1324 653 1372 fames!
721 1322 1006 1383 Postquam
1033 1334 1195 1381 pavor
1220 1331 1337 1365 ossa
1369 1312 1597 1376 reliquit,

150 1413 376 1462 delectos
402 1410 582 1475 populi
608 1410 674 1457 ad
698 1423 935 1472 proceres
960 1405 1287 1468 primumque
1311 1406 1577 1465 parentem

152 1505 384 1549 monstra
408 1500 558 1547 deum
586 1497 754 1545 refero
779 1500 844 1556 et,
873 1509 1003 1557 quae
1031 1492 1099 1540 sit
1125 1490 1397 1549 sententia,
1424 1503 1594 1551 posco.

154 1587 406 1637 Omnibus
432 1586 570 1633 idem
596 1583 815 1642 animus,
843 1580 1094 1630 scelerata
1119 1578 1361 1626 excedere
1385 1581 1538 1635 terra,

151 1674 323 1738 linqui
347 1673 602 1737 pollutum
630 1669 918 1733 hospitium
945 1672 995 1715 et
1021 1667 1141 1714 dare
1167 1664 1417 1713 classibus
1440 1663 1675 1708 Austros.

153 1763 292 1823 Ergo
317 1761 667 1808 instauramus
692 1757 954 1820 Polydoro
978 1755 1155 1815 funus,
1181 1757 1233 1800 et
1257 1752 1441 1811 ingens

156 1847 417 1910 aggeritur
440 1846 643 1895 tumulo
667 1844 853 1905 tellus3
895 1846 1038 1891 stant
1062 1840 1305 1888 Manibus
1331 1852 1465 1897 arae,

156 1935 405 1985 caeruleis
431 1938 657 1982 maestae
676 1931 827 1979 vittis
854 1935 1067 1992 atraque
1094 1941 1352 1990 cupresso,

158 2030 211 2072 et
236 2024 428 2072 circum
454 2022 649 2069 Iliades
665 2019 859 2067 crinem
887 2019 951 2066 de
977 2032 1118 2064 more
1144 2014 1371 2075 solutae3

158 2110 433 2159 inferimus
458 2108 638 2171 tepido
669 2104 966 2169 spumantia
990 2103 1196 2167 cymbia
1222 2100 1355 2149 lacte

161 2197 428 2260 sanguinis
453 2201 506 2244 et
532 2194 664 2243 sacri
687 2198 908 2257 pateras,
937 2191 1265 2252 animamque
1303 2184 1577 2249 sepulchro

162 2284 430 2333 condimus
456 2287 508 2331 et
531 2297 720 2343 magna
746 2295 1044 2342 supremum
1070 2293 1194 2325 voce
1219 2276 1430 2323 ciemus.

163 2372 294 2419 Inde
319 2370 409 2418 ubi
433 2370 602 2433 prima
624 2368 754 2415 fides
780 2366 977 2429 pelago,
1004 2364 1311 2428 placataque
1336 2358 1482 2408 venti

165 2459 291 2506 dant
312 2457 474 2505 maria
499 2461 550 2504 et
574 2455 708 2502 lenis
735 2453 994 2516 crepitans
1020 2455 1170 2499 vocat
1195 2451 1388 2497 Auster
1413 2446 1468 2493 in
1495 2445 1675 2505 altum,

167 2545 431 2592 deducunt
458 2542 584 2591 socii
607 2541 835 2589 naviset
860 2540 1017 2587 litora
1041 2536 1316 2600 complent.

166 2629 509 2680 Provehimur
533 2634 702 2692 portU,
728 2633 998 2688 terraeque
1022 2625 1278 2686 urbesque
1303 2622 1561 2670 recedunt.

550 2737 586 2775 1.
617 2737 841 2774 steterunt.
1077 2720 1079 2722 ,
1117 2758 1119 2760 -
1280 2731 1316 2767 2.
1346 2732 1530 2775 ροτῖιῑιν.

1821 106 1884 156 63

1846 710 1894 747 50

1852 1146 1899 1180 55

1857 1582 1904 1617 60

1863 2016 1910 2052 65

1867 2448 1912 2487 70
