2148 3204
751 141 1054 182 AENEIDOS
1093 139 1213 176 LIB.
1257 136 1323 173 Π.

169 289 434 353 Obstipuit
459 292 696 348 retroque
720 283 902 346 pedem
930 295 1044 328 cum
1071 291 1192 325 voce
1217 271 1478 336 repressit.
1526 268 1562 285 ‘

169 376 516 441 Improvisum
543 372 709 434 aspris
738 367 900 417 veluti
926 365 1016 429 qui
1037 363 1270 413 sentibus
1297 373 1516 420 anguem

169 464 359 529 pressit
383 460 529 509 humi
555 460 742 518 nitens,
769 454 1107 517 trepidusque
1134 453 1345 512 repente
1370 443 1566 504 refugit

170 551 495 602 attollentem
520 548 623 594 iras
649 550 701 592 et
726 542 931 592 caerula
955 539 1088 588 colla
1112 541 1395 585 tumentem
1419 551 1429 593 3

171 639 312 688 haud
337 652 483 696 secus
511 634 810 692 Androgeos
838 629 954 677 visu
979 624 1318 675 tremefactus
1346 619 1535 668 abibat.

173 726 453 784 Inruimus,
481 721 654 770 densis
680 724 732 767 et
758 713 1223 766 circumfundimur
1249 708 1420 768 armis,

173 816 480 877 ignarosque
505 808 605 857 loci
629 805 823 871 passim
850 809 902 851 et
925 799 1204 850 formidine
1232 801 1409 859 captos

176 901 469 952 sternimus.
541 894 795 963 Adspirat
821 891 988 954 primo
1014 889 1247 935 Fortuna
1269 882 1451 931 labori.

174 991 350 1052 Atque
374 986 459 1034 hic
487 998 726 1033 successu
751 978 1019 1028 exsultans
1048 973 1340 1034 animisque
1367 967 1640 1028 Coroebus,

178 1083 190 1106 ί
207 1078 248 1126 O
275 1074 416 1135 socii,
443 1088 545 1136 qua
570 1069 764 1134 prima'
791 1065 965 1128 inquit
996 1064 1235 1110 ‘fortuna
1260 1057 1445 1107 salutis

178 1166 432 1212 monstrat
456 1161 556 1207 iter
581 1171 783 1220 quaque
810 1140 1038 1202 ostendit
1064 1166 1116 1198 se
1143 1142 1338 1205 dextra,
1367 1157 1670 1206 sequamur:

177 1256 437 1300 mutemus
463 1246 655 1309 clipeos
681 1245 1022 1302 Danaumque
1049 1234 1278 1297 insignia
1302 1232 1453 1280 nobis

179 1344 430 1402 aptemus.
502 1333 665 1382 Dolus
691 1347 757 1379 an
781 1329 964 1387 virtus,
994 1325 1111 1388 quis
1136 1324 1190 1370 in
1218 1322 1365 1368 hoste
1393 1316 1623 1379 requirat
1641 1317 1666 1363 ?

180 1428 343 1475 Arma
367 1424 563 1472 dabunt
588 1419 725 1483 ipsi!
799 1415 882 1464 Sic
908 1415 1050 1462 fatus
1078 1409 1263 1458 deinde
1282 1407 1296 1433 ¹
1321 1409 1612 1454 comantem

181 1511 446 1574 Androgei
470 1509 666 1571 galeam
697 1503 954 1567 clipeique
980 1499 1182 1559 insigne
1210 1497 1450 1544 decorum

182 1600 418 1649 induitur
442 1595 698 1656 laterique
724 1590 978 1652 Argivum
1006 1583 1358 1635 accommodat
1387 1594 1578 1627 ensem.

184 1689 299 1736 Hoc
325 1685 575 1748 Ripheus‚
603 1683 698 1729 hoc
717 1680 830 1742 ipse
854 1678 1051 1751 Dymas
1078 1672 1346 1732 omnisque
1372 1669 1616 1715 iuventus

183 1775 322 1823 laeta
346 1772 503 1833 facit3
543 1768 725 1833 spoliis
752 1782 803 1814 se
831 1764 1050 1827 quisque
1077 1757 1371 1807 recentibus
1400 1758 1579 1802 armat.

185 1862 436 1911 Vadimus
461 1855 689 1905 immixti
715 1851 911 1901 Danais
938 1848 1078 1897 haud
1102 1845 1314 1894 numine
1341 1847 1532 1898 nostro,

187 1949 453 2010 multaque
480 1940 573 2009 per>
594 1958 794 1992 caecam
823 1935 1084 1999 congressi
1110 1932 1306 1997 proelia
1330 1934 1534 1977 noctem

186 2035 518 2093 conserimus,
544 2030 736 2078 multos
762 2029 1001 2075 Danaum
1027 2019 1350 2070 demittimus
1375 2017 1516 2065 Orco.

188 2121 489 2183 Diffugiunt
513 2118 602 2167 alii
630 2117 692 2165 ad
719 2114 868 2163 navis
897 2117 947 2160 et
972 2111 1128 2158 litora
1154 2123 1306 2155 cursu

189 2211 296 2258 fida
318 2211 519 2271 petunt,
545 2220 664 2268 pars
690 2203 954 2263 ingentem
980 2194 1261 2245 formidine
1286 2190 1430 2254 turpi

32 2312 35 2314 ·
96 2266 448 2455 mandunt
471 2307 649 2341 rursus
677 2305 866 2352 equum
893 2291 944 2334 et
969 2289 1093 2332 nota
1120 2282 1413 2331 conduntur
1436 2277 1492 2325 in
1517 2277 1648 2326 alvo,

208 2469 323 2510 Vain
346 2467 470 2516 effort
490 2471 531 2505 το
553 2474 703 2504 rescue
731 2459 1001 2501 Cassandra.

261 2564 383 2610 Heu
406 2559 541 2608 nihil
566 2557 750 2606 invitis
776 2556 858 2603 fas
884 2566 1194 2615 quemquam
1222 2535 1380 2595 fidere
1408 2544 1575 2594 divis!

196 2652 327 2698 Ecce
352 2648 653 2696 trahebatur
677 2642 844 2706 passis
868 2637 1130 2708 Priameia
1153 2636 1298 2696 virgo

199 2735 424 2784 crinibus
451 2749 481 2781 a
503 2730 699 2794 templo
724 2727 1016 2778 Cassandra
1040 2722 1317 2786 adytisque
1344 2719 1627 2777 Minervae,

967 2833 1003 2869 1.
1036 2815 1200 2868 danae.

1698 1668 1700 1671 ·
1707 1672 1727 1688 -ι

1841 112 1911 164 45

1852 887 1923 923 385

1862 1761 1934 1797 395
