2148 3204
750 133 1055 169 AENEIDOS
1094 133 1213 169 LIB.
1261 134 1321 170 V.

160 271 392 320 ardentis
419 272 540 319 dare
567 272 680 319 visa
705 272 845 320 faces
867 291 885 329 :¹
917 272 1067 339 “Hie
1093 272 1326 334 quaerite
1352 272 1575 328 Troiam,

1052 360 1080 382 ’²
1153 360 1265 406 Iam
1293 366 1498 421 teinpus
1525 359 1609 420 agi
1636 376 1729 421 res,

160 359 244 405 hic
271 360 454 406 domus
481 359 607 418 est,⁷'
635 359 809 420 inquit
837 364 863 386 ‘⁴
881 359 1045 423 vobis.

159 462 250 493 nec
276 446 438 493 tantis
466 461 607 493 mora
632 445 899 508 prodigiis.
971 446 1053 492 En
1080 451 1324 508 quattuor
1350 462 1467 494 arae

158 534 406 595 Neptuno
423 552 434 594 3
473 533 599 580 deus
625 533 737 595 ipse
762 534 901 580 faces
930 532 1263 595 animumque
1291 533 1595 582 ministrat.⁷
1658 550 1664 557 ·

161 697 317 738 Seizecz
337 699 442 738 with
455 699 629 749 frenzy,
652 699 749 748 they
771 704 834 738 set
857 700 970 738 them
995 711 1051 738 οη
1064 699 1164 748 fire.

224 795 368 841 Haec
394 810 682 842 memorans
708 793 876 857 prima
902 795 1167 842 infensum
1193 794 1245 841 vi
1271 795 1486 857 corripit
1513 795 1686 855 ignem

158 881 463 943 sublataque
490 867 668 944 procul
695 882 878 928 (lextra
902 883 1087 929 conixa
1111 889 1347 929 coruscat

156 973 209 1015 et
234 968 370 1015 iacit.
444 969 689 1016 Arrectae
716 975 915 1016 mentes
945 969 1339 1030 stupefactaque
1366 970 1520 1016 corda

157 1055 399 1103 Iliadum.
470 1055 572 1102 Hic
597 1072 702 1103 11116
726 1072 751 1103 6
778 1056 973 1115 111111113,
1002 1071 1132 1117 quae
1159 1056 1384 1103 maxima
1408 1062 1552 1117 natu,

155 1143 340 1204 Pyrgo,
366 1148 446 1190 tot
472 1143 669 1190 Priami
692 1148 932 1190 natorum
959 1143 1101 1203 regia
1125 1142 1330 1189 nutrix:

157 1229 305 1276 ‘Non
325 1230 485 1276 Beroe
512 1230 671 1290 vobis,
698 1246 799 1276 11011
825 1230 951 1277 11666
976 1229 1245 1289 Rhoeteia,
1272 1236 1480 1291 11161163,

155 1321 233 1363 631
258 1316 473 1379 Dorycli
498 1317 750 1377 coniunx3
789 1316 957 1363 divini
985 1317 1133 1377 signa
1157 1317 1355 1364 decoris

154 1403 488 1465 ardentisque
514 1409 690 1450 notate
716 1404 905 1464 oculos,
933 1404 1023 1465 qui
1050 1404 1266 1465 spiritus
1293 1403 1388 1463 illi,

155 1490 244 1552 qui
273 1490 440 1538 voltus
463 1491 708 1552 vocisque
736 1506 889 1538 sonus
915 1490 999 1537 vel
1025 1506 1231 1551 gressus
1258 1491 1416 1538 eunti.

154 1578 280 1639 Ipsa
303 1584 505 1638 egomet
530 1577 726 1624 (ludum
754 1578 951 1624 Beroen
977 1577 1210 1637 digressa
1234 1577 1423 1640 reliqui

153 1679 373 1725 aegram,
399 1664 775 1725 indignantem,
802 1664 898 1711 tali
925 1665 1063 1726 quod
1089 1663 1197 1711 sola
1224 1671 1418 1712 careret

151 1767 361 1799 munere
387 1767 480 1799 nec
505 1751 716 1799 meritos
742 1751 1004 1799 Anchisae
1031 1751 1250 1798 inferret
1277 1751 1528 1800 honores?

154 1838 298 1885 Haec
324 1839 495 1886 effata.

153 1926 225 1972 At
244 1930 433 1973 matres
459 1925 625 1988 primo
652 1925 906 1988 ancipites
933 1926 1197 1988 oculisque
1223 1926 1466 1987 malignis

152 2012 419 2073 ambiguae
440 2018 671 2075 spectare
696 2019 832 2061 rates
858 2013 1102 2061 miserum
1130 2014 1265 2060 inter
1290 2029 1516 2060 amorem

151 2099 440 2161 praesentis
464 2105 632 2147 terrae
652 2100 880 2162 fatisque
907 2100 1147 2147 vocantia
1170 2116 1341 2160 regna,

151 2201 267 2232 cum
293 2186 388 2234 dea
414 2203 466 2235 se
493 2187 702 2249 paribus
727 2203 818 2249 per
844 2187 1042 2234 caelum
1068 2186 1284 2234 sustulit
1310 2187 1409 2235 alis

151 2271 517 2336 ingentemque
542 2274 669 2334 fuga
701 2273 867 2321 secuit
892 2274 988 2321 sub
1011 2274 1234 2321 nubibus
1261 2289 1449 2323 arcum.

152 2360 283 2407 Tum
309 2376 429 2407 vero
454 2361 706 2408 attonitae
731 2360 978 2408 monstris
1004 2366 1247 2422 actaeque
1275 2361 1448 2408 furore

151 2447 473 2501 conclamant
498 2447 811 2509 rapiuntque
837 2447 967 2495 focis
993 2446 1574 2511 penetralibus¹ignem3

152 2549 269 2595 pars
296 2533 523 2596 spoliant
547 2550 677 2594 aras,
703 2534 941 2581 frondem
967 2549 1024 2581 ac
1046 2533 1272 2594 virgulta
1295 2534 1539 2598 facesque

153 2620 426 2668 coniciunt.
498 2621 648 2668 Furit
673 2620 920 2668 immissis
947 2620 1205 2669 Volcanus
1231 2620 1446 2669 habenis

152 2710 379 2754 transtra
400 2723 493 2769 per
517 2715 568 2754 et
593 2723 758 2755 remos
779 2712 830 2754 et
856 2706 1021 2769 pictas
1048 2707 1214 2755 abiete
1234 2705 1249 2732 ¹
1273 2707 1478 2770 puppis.

663 2817 697 2852 1.
735 2815 898 2852 abiete:
926 2815 1031 2852 with
1049 2815 1329 2852 consonantal
1346 2815 1376 2852 i.

1810 121 1913 172 139

1839 545 1906 581 641]

1837 1158 1907 1193 645

1832 1593 1904 1629 650

1830 2027 1900 2062 655

1825 2461 1893 2497 660
