2148 3204
672 136 978 176 AENEIDOS
1017 136 1136 172 LIB.
1182 134 1273 170 ΠΙ.

103 283 243 332 Hinc
269 282 412 330 sinus
439 277 701 338 Herculei,
730 276 774 325 si
799 292 920 323 vera
946 279 1025 322 est
1049 273 1204 333 fama,
1231 268 1445 319 Tarenti
1468 328 1473 334 ¹

104 370 361 430 cernitur;
400 366 596 415 attollit
624 381 675 412 se
703 364 825 411 diva
849 361 1063 410 Lacinia
1088 365 1267 407 contra

106 456 454 517 Caulonisque
481 469 621 501 arces
649 457 700 499 et
722 450 1057 511 navifragum
1085 446 1402 510 Scylaceum.
1441 486 1466 491 ,,

108 546 243 593 Tum
266 541 444 606 procul
470 556 496 588 e
521 539 683 587 fluctu
708 537 978 585 Trinacria
1002 534 1229 583 cernitur
1254 533 1427 580 Aetna

108 639 160 680 et
186 629 436 692 gemitum
461 627 724 689 ingentem
750 623 923 687 pelagi
951 622 1255 686 pulsataque
1282 634 1408 668 saxa

109 717 348 767 audimus
372 715 525 776 longe
550 715 847 774 fractasque
874 710 940 758 ad
964 710 1118 757 litora
1143 723 1292 755 voces

110 805 478 865 exsultantque
504 801 638 849 vada
662 805 818 862 atque
844 803 991 846 aestu
1016 797 1298 844 miscentur
1321 794 1559 842 harenae.

109 894 180 941 Et
204 899 350 955 pater
373 889 657 937 Anchises:
698 886 990 934 ‘Nimirum
1015 884 1140 931 haec
1165 882 1259 930 illa
1283 879 1575 944 Charybdis
1590 897 1604 940 3

111 981 206 1028 hos
231 978 466 1026 Helenus
492 974 744 1039 scopulos,
770 974 898 1021 haec
924 988 1049 1021 saxa
1072 969 1328 1018 horrenda
1347 966 1578 1015 canebat.

113 1064 330 1129 Eripite,
358 1081 388 1113 o
413 1063 537 1112 socii
563 1062 857 1126 pariterque
882 1058 1135 1120 insurgite
1163 1055 1348 1105 remis.⁷

114 1154 273 1202 Haud
298 1153 470 1200 minus
495 1166 553 1199 ac
578 1149 707 1197 iussi
730 1148 948 1208 faciunt,
974 1145 1276 1210 primusque
1302 1142 1574 1190 rudentem

114 1239 365 1289 contorsit
389 1239 563 1286 laevas
587 1252 792 1300 proram
819 1234 1099 1282 Palinurus
1126 1232 1191 1280 ad
1217 1230 1382 1278 undas
1403 1247 1415 1290 ;

115 1328 316 1376 laevam
342 1331 527 1374 cuncta
550 1325 731 1372 cohors
756 1321 912 1370 remis
937 1319 1211 1382 ventisque
1236 1316 1440 1381 petivit.

118 1415 374 1463 Tollimur
396 1411 673 1460 incaelum
699 1414 913 1458 curvato
937 1407 1141 1470 gurgite
1161 1411 1218 1453 -et
1243 1404 1382 1452 idem

119 1502 373 1551 subducta
397 1501 462 1548 ad
487 1499 660 1547 Manis
686 1498 817 1545 imos
843 1495 1138 1544 desedimus
1165 1493 1332 1553 unda3

119 1595 199 1637 ter
225 1588 425 1651 scopuli
450 1569 723 1635 clamorem
749 1585 887 1632 inter
911 1598 1038 1631 cava
1063 1597 1189 1629 saxa
1214 1578 1417 1639 dedere,

120 1682 199 1725 ter
224 1691 458 1739 spumam
484 1673 668 1722 elisam
692 1677 744 1720 et
768 1670 998 1719 rorantia
1020 1668 1246 1716 vidimus
1273 1669 1449 1714 astra.-

121 1765 331 1811 Interea
352 1763 520 1810 fessos
546 1765 734 1808 ventus
761 1775 873 1806 cum
904 1757 1010 1805 sole
1036 1753 1250 1817 reliquit

123 1850 393 1913 ignarique
418 1849 533 1896 viae
559 1847 844 1911 Cyclopum
870 1843 1158 1892 adlabimur
1183 1840 1303 1890 oris.

125 2018 169 2060 A
189 2019 317 2070 ⁷22·th
337 2019 389 2069 of
401 2023 544 2058 terror
563 2028 673 2056 near
692 2015 854 2055 Mount
874 2013 1032 2054 Aetna.

194 2116 384 2162 Portus
410 2113 474 2161 ab
498 2127 706 2160 accessu
729 2115 1003 2157 ventorum
1029 2107 1273 2154 immotus
1301 2109 1351 2153 et
1377 2103 1562 2166 ingens

128 2202 255 2265 ipse,
283 2201 372 2267 sed
396 2199 654 2247 horrificis
678 2198 826 2245 iuxta
849 2201 997 2244 tonat
1021 2195 1194 2242 Aetna
1219 2191 1399 2252 ruinis,

128 2288 494 2349 interdumque
519 2291 686 2334 atram
710 2281 1002 2347 prorumpit
1027 2282 1092 2329 ad
1118 2280 1326 2328 aethera
1351 2277 1554 2337 nubem,

129 2375 336 2423 turbine
361 2374 651 2421 fumantem
675 2371 820 2435 piceo
845 2374 897 2418 et
922 2369 1172 2417 candente
1199 2364 1396 2425 favilla,

130 2462 430 2524 attollitque
457 2460 632 2522 globos
659 2458 980 2505 flammarum
1006 2461 1058 2503 et
1084 2455 1254 2503 sidera
1278 2451 1489 2513 lambit;

131 2549 392 2597 interdum
420 2547 655 2609 scopulos
680 2545 957 2607 avolsaque
984 2543 1181 2591 viscera
1206 2539 1394 2588 montis

134 2636 288 2697 erigit
307 2641 561 2694 eructans,
588 2633 977 2696 liquefactaque
1010 2646 1135 2678 saxa
1162 2629 1255 2676 sub
1282 2642 1432 2675 auras

136 2740 251 2771 cum
277 2722 471 2784 gemitu
498 2721 762 2782 glomerat,
789 2719 1056 2779 fundoque
1083 2719 1351 2763 exaestuat
1385 2714 1505 2760 imo.

137 2791 299 2857 Fama
322 2814 400 2857 est
422 2807 673 2855 Enceladi
699 2810 984 2855 semustum
1010 2802 1230 2850 fulmine
1257 2815 1440 2862 corpus

1782 115 1841 168 81

1787 624 1860 663 555

1803 2107 1877 2146 570

1809 2542 1880 2581 575
