2148 3204
702 153 1010 194 AENEIDos
1048 153 1169 190 ΜΒ.
1214 151 1277 189 V.
1761 133 1864 185 145

123 300 270 358 Quod
295 302 546 362 superest,
571 312 673 356 oro,
700 294 855 342 liceat
881 294 1001 341 dare
1029 295 1143 339 tuta
1166 305 1258 354 per
1282 288 1446 336 undas

125 388 240 435 vela
263 385 394 447 tibi,l
418 384 573 432 liceat
598 384 913 430 Laurentem
938 379 1194 439 attingere
1220 375 1490 440 Thybrim,

126 476 171 524 si
197 488 435 522 concessa
459 476 594 535 peto,
623 469 668 518 si
692 470 818 516 dant
844 484 904 515 ea
928 466 1131 514 moenia
1155 464 1379 512 Parcae!

127 565 258 611 Tum
287 558 560 609 Saturnius
585 557 711 605 haec
731 556 952 603 domitor
978 553 1135 601 maris
1161 551 1327 600 edidit
1351 547 1474 598 alti:

130 652 252 698 ‘Fas
279 663 426 696 omne
452 651 545 707 est,
574 645 846 709 Cytherea,
874 642 1002 690 meis
1029 646 1079 689 te
1103 640 1263 687 fidere
1288 637 1476 700 regnis,
1809 643 1880 680 801}

129 738 267 785 unde
292 751 452 798 genus
480 733 642 781 ducis.
717 730 889 779 Merui
915 744 1146 793 quoque3
1187 741 1339 789 saepe
1364 725 1566 772 furores

132 821 413 887 compressi
439 827 491 869 et
515 820 709 869 rabiem
734 824 936 867 tantam
961 816 1195 878 caelique
1221 813 1496 875 marisque.

132 913 244 961 Nec
269 910 436 958 minor
460 909 516 956 in
539 907 693 956 terris
724 905 1018 971 <Xanthum
1047 903 1412 963 Simoentaque
1436 898 1625 962 testor)

136 1000 342 1047 Aeneae
367 997 498 1045 mihi
523 1011 646 1044 cura
669 994 762 1043 tui.
838 994 965 1042 Cum
994 993 1149 1039 Tro'i‘a
1174 988 1410 1037 Achilles

137 1086 433 1134 exanimata
453 1099 672 1147 sequens
696 1081 1008 1145 impingeret
1034 1077 1241 1139 agmina
1264 1074 1443 1136 muris,
1820 1078 1891 1116 805

139 1174 285 1222 milia
308 1172 474 1221 multa
498 1172 646 1219 daret
669 1169 774 1217 leto
800 1171 1168 1230 gemerentque
1192 1163 1379 1227 repleti

139 1277 315 1310 amnes
340 1275 434 1308 nec
458 1258 683 1322 reperire
707 1257 847 1305 viam
873 1260 1029 1318 atque
1056 1252 1291 1302 evolvere
1316 1252 1494 1314 posset

140 1349 195 1396 in
220 1363 360 1396 mare
386 1362 439 1395 se
464 1345 725 1406 Xanthus,
753 1343 966 1392 Pelidae
992 1346 1118 1389 tunc
1144 1355 1237 1400 ego
1263 1337 1391 1385 forti

143 1451 475 1498 congressum
499 1435 713 1481 Aenean
737 1447 831 1479 nec
857 1430 936 1478 dis
963 1444 1056 1476 nec
1081 1427 1281 1475 viribus
1298 1424 1486 1488 'aequis

143 1524 279 1571 nube
306 1538 432 1571 cava
455 1520 620 1585 rapui,
646 1535 887 1583 cuperem
914 1533 1028 1565 cum
1054 1519 1255 1563 vertere
1282 1513 1346 1561 ab
1370 1512 1475 1559 imo
1827 1517 1900 1554 810

147 1614 343 1659 structa
367 1609 494 1658 meis
520 1608 758 1656 manibus
784 1605 1020 1669 periurae
1045 1600 1249 1650 moenia
1273 1600 1472 1648 Troiae.

145 1699 298 1747 Nunc
325 1712 528 1760 quoque
553 1711 697 1743 mens
724 1694 896 1742 eadem
927 1695 1126 1755 perstat
1151 1688 1310 1749 mihi;
1348 1686 1483 1750 pelle
1507 1685 1763 1733 timorem.

148 1787 329 1846 Tutus,
357 1800 483 1848 quos
511 1788 673 1846 optas,
700 1786 882 1844 portus
910 1778 1119 1827 accedet
1144 1775 1360 1824 Averni.

149 1874 301 1922 Unus
327 1872 427 1920 erit
450 1876 673 1931 tantum,
700 1868 950 1917 amissum
977 1881 1129 1929 quem
1155 1863 1359 1926 gurgite
1386 1863 1617 1924 quaeret,

151 1976 311 2008 unum
335 1975 427 2022 pro
452 1957 633 2006 multis
658 1955 867 2004 dabitur
891 1952 1078 2016 caput!
1834 1953 1905 1989 815

151 2047 254 2096 His
277 2047 368 2095 ubi
391 2045 532 2094 laeta
556 2045 680 2092 deae
705 2039 1216 2106 permulsit'pectora
1236 2036 1411 2097 dictis,

152 2135 323 2196 iungit
349 2149 505 2196 equos
531 2147 655 2181 auro
681 2130 883 2193 genitor
909 2126 1307 2192 spumantiaque
1332 2121 1481 2172 addit

152 2223 304 2270 frena
326 2220 454 2270 feris
479 2219 821 2281 manibusque
847 2215 1013 2264 omnis
1039 2212 1263 2262 effundit
1288 2211 1531 2258 habenas.

154 2308 402 2359 Caeruleo
426 2323 517 2372 per
543 2321 744 2355 summa
766 2303 897 2352 levis
924 2302 1066 2351 volat
1090 2314 1312 2363 aequora
1335 2313 1516 2356 curru3

156 2396 432 2446 subsidunt
456 2395 625 2443 undae
651 2391 1010 2453 tumidumque
1037 2388 1132 2437 sub
1156 2402 1251 2435 axe
1277 2383 1481 2434 tonanti
1814 2366 1816 2368 V
1839 2387 1910 2425 820

157 2482 408 2533 sternitur
432 2497 622 2544 aequor
647 2479 826 2542 aquis;
865 2477 1078 2539 fugiunt
1103 2479 1252 2523 vasto
1277 2471 1485 2521 aethere
1509 2466 1692 2516 nimbi.

158 2572 291 2619 Tum
315 2569 488 2618 variae
515 2567 763 2616 comitum
789 2565 966 2625 facies,
991 2561 1242 2612 immania
1266 2564 1377 2608 cete

159 2664 212 2706 et
238 2656 408 2705 senior
434 2654 621 2705 Glauci
645 2653 830 2702 chorus
856 2652 1120 2712 Inousque
1146 2647 1430 2695 Palaemon

163 2743 505 2806 Tritonesque
533 2740 624 2789 citi
647 2738 941 2801 Phorcique
966 2736 1224 2785 exercitus
1252 2732 1450 2794 omnis3

953 2839 990 2876 1.
1027 2836 1118 2874 tibi.
