2148 3204
258 143 361 195 162
794 157 851 195 P.
895 156 1155 195 VERGILI
1193 157 1476 195 MARONIS

255 295 593 359 impositique
619 294 757 357 rogis
782 294 995 344 iuvenes
1022 301 1141 344 ante
1167 312 1256 343 ora
1281 301 1569 358 parentum,

256 399 409 446 quam
435 382 602 431 multa
627 383 682 430 in
709 382 858 430 silvis
885 383 1121 430 autumni
1147 383 1340 444 frigore
1365 383 1533 446 primo

254 470 400 534 lapsa
425 471 619 531 cadunt
643 470 787 531 folia,
814 475 904 518 aut
929 471 995 517 ad
1019 476 1209 517 terram
1235 470 1436 532 gurgite
1463 470 1527 518 ab
1552 470 1659 517 alto
1944 481 2015 518 310

256 574 410 621 quam
437 558 630 605 multae
657 557 1011 619 glomerantur
1036 572 1173 619 aves,
1200 557 1289 605 11101
1314 557 1538 619 frigidus
1564 573 1731 605 annus

255 650 398 694 trans
425 651 640 709 pontum
668 645 818 706 fugat
844 650 894 692 et
919 644 1072 692 terris
1099 644 1341 692 immittit
1367 645 1572 708 apricis.

258 733 475 782 Stabant
501 737 706 781 orantes
733 731 890 795 primi
916 732 1271 780 transmittere
1297 748 1506 780 cursum

253 821 637 883 tendebantque
663 836 845 868 manus
872 819 1014 882 ripae
1040 819 1301 867 ulterioris
1328 835 1513 867 amore.

254 908 451 956 Navita
477 909 567 956 sed
592 907 761 956 tristis
788 923 926 954 nunc
952 907 1046 955 hos
1072 923 1209 954 nunc
1237 907 1426 970 accipit
1453 906 1588 969 illos,
1941 918 2015 955 315

254 1001 334 1044 ast
359 996 487 1044 alios
514 996 664 1056 longe
692 996 956 1044 submotos
984 999 1123 1043 arcet
1147 995 1354 1043 harena.

255 1086 457 1132 Aeneas
483 1084 703 1131 miratus
731 1083 869 1130 enim
895 1087 1170 1145 motusque
1196 1082 1427 1130 tumultu

255 1172 393 1232 ζ1)16,
415 1172 426 1194 ’
454 1172 543 1232 ait,
571 1175 583 1198 ζ
600 1187 629 1218 0
657 1171 816 1231 virgo,
845 1169 973 1232 quid
1001 1170 1110 1217 volt
1135 1186 1412 1218 concursus
1439 1170 1733 1218 ad-amnem
1753 1173 1778 1219 ἶ)

253 1259 453 1315 Quidve
478 1263 662 1321 petunt
689 1258 891 1306 animae
910 1259 934 1304 ἱ)
1008 1257 1105 1306 Vel
1133 1274 1232 1320 quo
1259 1257 1559 1305 discrimine
1585 1257 1726 1320 ripas

253 1347 348 1394 hae
375 1345 635 1409 linquunt,
662 1346 783 1393 illae
810 1345 965 1393 remis
992 1345 1124 1393 vada
1147 1345 1312 1392 livida
1336 1350 1548 1392 verrunt
1567 1345 1619 1391 ‘?’
1942 1357 2014 1392 320

255 1433 360 1481 Olli
387 1434 458 1482 sic
486 1434 709 1481 breviter
734 1434 847 1481 fata
872 1441 950 1481 est
974 1433 1226 1495 longaeva
1251 1432 1508 1480 sacerdos:

254 1526 266 1549 ‘
287 1522 521 1569 Anchisa
547 1529 802 1582 generate,
831 1521 981 1568 deum
1009 1520 1299 1568 certissima
1324 1519 1509 1582 proles,

254 1609 437 1672 Cocyti
464 1614 646 1670 stagna
672 1608 779 1656 alta
805 1609 953 1656 vides
983 1607 1320 1671 Stygiamque
1347 1607 1606 1670 paludem,

253 1697 307 1744 di
333 1696 480 1744 cuius
507 1696 676 1744 iurare
703 1696 893 1743 timent
919 1700 969 1743 et
993 1695 1176 1743 fallere
1202 1710 1407 1744 numen.

254 1785 398 1831 Haec
423 1784 605 1844 omnis⁷
633 1800 788 1846 quam
814 1783 998 1844 cernis,
1026 1783 1176 1845 inops
1201 1781 1574 1844 inhumataque
1599 1782 1754 1830 turba
1779 1786 1858 1829 est
1873 1800 1884 1842 3
1940 1789 2012 1825 325

252 1872 474 1934 portitor
499 1871 589 1918 ille
617 1871 848 1932 Charon3
890 1870 960 1931 hi,
989 1886 1117 1933 quos
1145 1869 1289 1917 vehit
1319 1870 1470 1929 unda,
1499 1869 1723 1932 sepulti3

254 1975 346 2006 nec
371 1959 510 2022 ripas
538 1959 688 2006 datur
714 1959 998 2006 horrendas
1026 1964 1076 2005 et
1103 1973 1257 2005 rauca
1282 1956 1478 2004 fluenta

252 2052 604 2109 transportare
630 2047 772 2110 prius
800 2063 952 2110 quam
983 2046 1192 2094 sedibus
1219 2060 1336 2092 ossa
1360 2044 1617 2107 quierunt.

255 2134 475 2182 Centum
502 2139 676 2182 errant
701 2150 862 2182 annos
891 2134 1215 2194 volitantque
1240 2132 1365 2178 hacc
1389 2130 1546 2178 litora
1569 2130 1792 2192 circum3

255 2226 363 2268 tum
392 2221 595 2268 demum
624 2221 839 2269 admissi
867 2227 1051 2282 stagna
1077 2225 1320 2282 exoptata
1344 2218 1611 2266 revisunt!
1940 2227 2010 2262 330

255 2308 508 2357 Constitit
534 2309 765 2356 Anchisa
791 2313 935 2356 satus
963 2314 1015 2354 et
1040 2305 1263 2367 vestigia
1288 2305 1495 2367 pressit,

254 2396 420 2443 multa
444 2401 631 2458 putans
659 2400 952 2457 sortemque
977 2393 1138 2442 animi
1163 2393 1441 2440 miseratus
1468 2392 1716 2454 iniquam.

255 2567 431 2607 Aeneas
452 2579 542 2606 sees
565 2568 633 2605 the
655 2566 811 2605 shades
833 2565 887 2615 of
899 2565 969 2604 his
991 2565 1074 2603 lost
1096 2563 1395 2611 companions.
1460 2561 1545 2599 The
1568 2562 1653 2599 tale
1676 2560 1730 2609 os
1744 2561 1996 2599 Palinurus

323 2662 500 2711 Cernit
520 2662 589 2709 ibi
618 2662 840 2708 maestOs
866 2664 919 2707 et
945 2657 1122 2705 mortis
1148 2657 1339 2703 honore
1365 2656 1587 2704 carentis

256 2749 563 2812 Leucaspim
590 2754 642 2796 et
666 2747 857 2812 Lyciae
883 2746 1146 2793 ductorem
1173 2743 1353 2791 classis
1381 2743 1623 2802 Oronten,

257 2854 384 2900 quos
413 2834 566 2883 simul
593 2836 656 2883 ab
682 2832 837 2880 Troia
861 2836 1077 2880 ventosa
1100 2846 1191 2894 per
1217 2844 1439 2891 aequora
1461 2833 1636 2877 vectos
1938 2837 2008 2873 335
