2148 3204
744 123 1052 162 AENEIDOS
1092 123 1212 158 Lm.
1258 122 1298 158 Ι.
1831 104 1898 156 23

151 270 206 314 at
230 265 366 312 freta
391 263 626 312 Sicaniae
654 261 836 310 saltem
864 262 1114 322 sedesque
1138 263 1362 322 paratas,

151 352 288 399 unde
313 351 412 398 huc
439 351 655 409 advecti,
682 357 958 410 regemque
982 353 1220 410 petamus
1247 344 1514 393 Acesten.'

153 438 367 486 Talibus
394 430 647 497 Tlioneus3
686 440 862 483 cuncti
888 433 1042 482 simul
1069 441 1154 481 ere
1178 433 1474 480 fremebant

152 524 496 573 Dardanidae.
1831 527 1901 563 560

152 690 264 727 Dido
284 689 498 726 dismisses
519 688 775 736 theirfears.

222 780 353 826 Tum
378 777 604 825 breviter
629 777 767 824 Dide
792 776 990 823 voltum
1017 774 1243 823 demissa
1267 773 1535 836 profatur:

155 871 168 895 ‘
186 866 383 914 Soivite
408 865 559 912 corde
584 874 792 923 metum,
821 864 1020 922 Teucri,
1049 861 1300 910 secludite
1326 867 1492 908 curas.

154 954 264 1021 Res·
286 953 415 1000 dura
440 957 492 999 et
516 959 663 1012 regni
686 950 894 997 novitas
919 957 1001 996 me
1026 948 1154 996 talia
1179 952 1369 1009 cegunt
1484 935 1517 978 &-

154 1040 327 1088 meliri
353 1043 404 1087 et
426 1038 533 1086 late
557 1039 685 1085 finis
711 1037 924 1085 custede
949 1041 1099 1083 tueri.

155 1127 280 1184 Quis
307 1142 468 1188 genus
494 1125 812 1184 Aeneadum,
841 1123 957 1185 quis
984 1122 1168 1171 Treiae
1192 1122 1390 1171 nesciat
1414 1122 1592 1170 urbem
1833 1130 1905 1167 565

153 1215 479 1277 virtutesque
502 1212 746 1274 viresque
773 1216 862 1259 aut
886 1216 1024 1258 tanti
1047 1210 1289 1258 incendia
1311 1209 1480 1258 belli?

153 1302 275 1349 Nen
300 1301 484 1349 obtusa
509 1300 636 1348 adee
661 1304 922 1360 gestamus
947 1306 1156 1361 pectora
1180 1299 1358 1357 Poeni,

154 1405 247 1436 nec
272 1394 379 1436 tam
403 1396 614 1436 aversus
640 1394 800 1449 eques
826 1385 987 1449 Tyria
1014 1384 1101 1433 Sel
1125 1385 1295 1445 iungit
1320 1384 1383 1432 ab
1403 1383 1543 1432 urbe.

157 1476 257 1524 Seu
280 1484 373 1524 ves
398 1474 708 1537 Hesperiam
733 1488 973 1534 magnam
1000 1472 1344 1534 Saturniaque
1370 1487 1496 1519 arva

156 1571 265 1611 sive
289 1562 474 1626 Erycis
499 1562 626 1609 finis
651 1569 926 1622 regemque
953 1559 1145 1622 optatis
1169 1560 1413 1619 Acesten,
1833 1567 1906 1604 570

156 1650 352 1698 auxilie
377 1655 518 1697 tutes
545 1648 808 1696 dimittam
834 1646 1120 1709 opibusque
1145 1646 1347 1694 iuvabe.

155 1736 327 1785 Voltis
354 1741 407 1785 et
429 1737 512 1784 his
537 1744 737 1783 mecum
762 1733 958 1798 pariter
984 1734 1248 1782 censidere
1274 1740 1446 1794 regnis
1465 1734 1490 1779 ?

157 1824 353 1873 Urbem
379 1840 530 1886 quam
561 1827 733 1871 statue
757 1827 933 1869 vestra
957 1826 1062 1883 est3
1104 1820 1376 1868 subducite
1401 1826 1581 1881 navis3

158 1912 286 1958 Tres
311 1910 605 1974 Tyriusque
628 1909 760 1956 mihi
783 1908 928 1956 nulle
953 1908 1251 1956 discrimine
1277 1911 1470 1968 agetur.

157 2000 332 2060 Atque
355 1997 558 2045 utinam
581 2005 673 2044 rex
697 1996 810 2058 ipse
833 1996 973 2043 Note
1000 1994 1295 2057 compulsus
1322 1994 1500 2042 eedem
1833 2000 1907 2039 575

157 2085 362 2132 adforet
386 2084 616 2132 Aeneas!
677 2083 934 2145 Equidem
959 2098 1050 2145 per
1073 2081 1231 2129 litora
1255 2087 1422 2129 certes

158 2171 421 2219 dimittam
446 2176 498 2218 et
522 2171 720 2234 Libyae
743 2169 967 2217 lustrare
992 2174 1223 2217 extrema
1246 2168 1447 2230 iubebe‚
1870 2174 1922 2244 (x

20 2280 24 2283 ·
96 2240 104 2410 Ι
159 2266 205 2307 si
229 2258 418 2322 quibus
442 2258 638 2306 eiectus
664 2257 814 2306 silvis
838 2261 929 2305 aut
952 2255 1165 2305 urbibus
1191 2255 1360 2304 errat!
1661 2239 1729 2348 (ys)
1749 2254 1777 2288 t
1800 2229 1853 2261 ⁶⁷*

158 2433 324 2471 Aeneas
341 2433 490 2471 stands
507 2431 712 2470 revealed.

227 2523 328 2570 His
353 2521 584 2570 animum
609 2525 797 2569 arrecti
821 2520 975 2568 dictis
1003 2525 1055 2568 et
1078 2518 1233 2568 fortis
1258 2518 1490 2567 Achates

159 2614 212 2657 et
235 2613 383 2672 pater
406 2608 610 2656 Aeneas
635 2607 935 2655 iamdudum
963 2615 1228 2669 erumpere
1253 2607 1442 2653 nubem
1831 2612 1904 2650 580

160 2695 427 2744 ardebant.
495 2694 648 2742 Prior
671 2694 886 2741 Aenean
911 2693 1189 2756 compellat
1212 2693 1468 2740 Achates:

162 2785 175 2811 ‘
190 2782 328 2829 Nate
354 2782 466 2842 dea,
491 2796 622 2843 quae
645 2796 783 2828 nunc
807 2779 980 2828 anime
1006 2779 1265 2828 sententia
1288 2778 1495 2840 surgit?
