2148 3204
206 125 273 176 16
741 136 792 174 P.
841 137 1095 174 VERGILI
1134 138 1414 177 MARONIs

204 275 562 337 Pygmalionis
588 284 710 338 opes
738 274 945 338 pelago3
985 276 1090 324 dux
1119 277 1317 325 femina
1343 278 1487 326 facti.

203 363 470 410 Devenere
496 363 649 424 locos,
677 364 766 410 ubi
791 379 929 411 nunc
955 364 1188 424 ingentia
1215 366 1381 413 cernis

203 449 405 496 moenia
429 457 827 512 surgentemque
853 467 1014 498 novae
1042 452 1388 512 Karthaginis
1413 469 1596 513 arcem,

203 541 518 599 mercatique
545 537 725 598 solum,
753 537 882 585 facti
907 538 969 585 clo
995 539 1202 586 nomine
1229 529 1466 603 BJFsam,

201 627 406 671 taurino
432 629 685 686 quantum
710 631 923 687 possent
949 625 1266 674 circumdare
1293 632 1485 689 terga-»⁴

204 710 304 758 Sed
331 719 419 759 vos
446 719 537 773 qui
561 712 786 772 tandem,
809 712 996 774 quibus
1023 719 1114 760 aut
1140 714 1358 763 venistis
1383 716 1448 763 ab
1471 723 1588 778 oris,

201 805 366 860 quove
389 799 580 847 tenetis
607 799 705 846 iter
728 801 752 846 ¹?
772 799 784 824 ²
855 800 1136 856 Quaerenti
1159 801 1351 849 talibus
1371 801 1460 851 ille
1481 791 1486 797 ’

201 893 468 948 suspirans
495 894 702 949 imoque
727 888 942 936 trahens
969 896 1000 936 a
1024 896 1231 951 pectore
1258 897 1465 938 vocem:

155 1150 159 1154 1
197 1094 374 1136 Aeneas
398 1102 602 1137 nam-ates
623 1098 692 1137 his
714 1098 1017 1150 mz'sfortunes.

266 1195 279 1220 ‘
299 1184 341 1240 O
367 1192 476 1251 dea,
506 1201 550 1240 si
575 1201 743 1255 prima
768 1200 1005 1257 repetens
1032 1196 1096 1244 ab
1122 1195 1320 1259 origine
1347 1193 1573 1261 pergam,

197 1283 249 1326 et
274 1284 421 1327 vacet
447 1280 650 1329 annalis
676 1287 971 1330 nostrorum
997 1284 1176 1332 audire
1202 1285 1450 1346 laborum,

197 1371 318 1414 ante
343 1367 479 1414 diem
507 1368 681 1416 clauso
708 1375 982 1432 componet
1008 1362 1206 1434 Vesper
1233 1372 1471 1436 Olympo.

196 1454 306 1531 Nos
332 1455 488 1503 Troia
512 1461 742 1518 antiqua,
772 1465 816 1504 si
851 1465 1051 1507 vestras
1077 1459 1213 1507 forte
1247 1475 1338 1522 per
1363 1469 1503 1510 auris

197 1541 379 1589 Troiae
405 1550 591 1590 nomen
617 1544 694 1604 iit,
722 1544 926 1593 diversa
950 1562 1040 1608 per
1065 1561 1287 1609 aequora
1311 1554 1486 1598 vectos
1537 1542 1552 1556 ’

195 1628 330 1676 forte
357 1637 449 1677 sua
474 1630 685 1693 Libycis
711 1636 996 1695 tempestas
1024 1633 1229 1696 appulit
1255 1643 1371 1684 oris.

199 1715 324 1763 Sum·
347 1716 463 1778 pius
490 1718 708 1779 Aeneas,
735 1724 911 1781 raptos
939 1729 1029 1782 qui
1053 1736 1115 1768 ex
1141 1721 1288 1770 hoste
1313 1723 1526 1772 Penatis

197 1803 360 1850 classe
387 1804 517 1851 veho
544 1788 931 1866 mecum'ssfama
958 1823 1111 1870 super
1136 1809 1347 1857 aethera
1371 1815 1538 1873 notus.

198 1882 407 1937 Ttaliam
434 1899 622 1953 quaero
648 1893 870 1955 patriam
901 1899 951 1942 et
978 1911 1139 1960 genus
1165 1896 1229 1943 ab
1255 1896 1378 1944 Iove
1405 1906 1618 1946 summo.

198 1977 287 2025 Bis
313 1978 461 2025 denis
486 1978 775 2042 Phrygium
801 1983 1078 2029 conscendi
1103 1961 1322 2031 navibus
1347 1999 1549 2046 aequor,

199 2070 359 2112 matre
385 2065 481 2112 dea
505 2071 826 2115 monstrante
857 2069 1009 2130 viam,
1034 2070 1157 2118 data
1182 2070 1295 2118 fata
1320 2076 1556 2134 secutus3

197 2151 285 2198 vix
313 2157 510 2214 septem
535 2154 806 2202 convolsae
834 2156 988 2204 undis
1016 2158 1257 2220 Euroque
1285 2164 1576 2221 supersunt.

198 2238 318 2300 Ipse
344 2239 567 2300 ignotus,
596 2249 765 2302 egens,
797 2242 994 2306 Libyae
1022 2244 1228 2293 deserta
1254 2254 1482 2308 peragro,

198 2327 407 2388 Europa
431 2332 586 2389 atque
612 2329 741 2376 Asia
766 2330 981 2391 pulsus.'
1052 2332 1161 2379 Nec
1188 2332 1339 2395 plura
1365 2337 1665 2395 querentem

198 2428 350 2475 passa
374 2414 549 2462 Venus
575 2416 746 2463 medio
774 2425 845 2464 sic
872 2417 1122 2466 interfata
1147 2419 1321 2468 dolore
1348 2424 1456 2469 est:

207 2622 366 2673 Venus,
389 2626 707 2676 z‘ncm·2·uptz·vq‚
736 2640 913 2667 assuras·
936 2629 1027 2668 him
1051 2631 1103 2679 (ts
1115 2630 1183 2669 leis
1206 2632 1446 2670 comrades'
1469 2632 1624 2683 sasety.

268 2719 541 2782 ‘Quisquis
569 2736 636 2780 es,
664 2721 818 2782 haud,
846 2724 1011 2781 credo,
1040 2723 1238 2772 invisus
1265 2725 1572 2774 caelestibus
1599 2734 1750 2776 auras

200 2804 376 2854 vitalis
404 2807 587 2868 carpis,
614 2808 824 2870 Tyriam
853 2817 943 2870 qui
968 2810 1237 2858 adveneris
1265 2811 1456 2859 urbem.
1508 2851 1518 2863 .

1887 814 1959 853 370
2025 860 2028 866 ¹

1883 1469 1956 1509 375
