2148 3204
685 138 994 176 AENEIDOS
1033 138 1150 174 LIB.
1195 136 1260 174 Π.

103 281 213 328 Aut
234 279 333 328 hoc
356 278 548 327 inclusi
572 277 714 339 ligno
736 276 1059 325 occultantur
1083 273 1290 334 Achivi,

104 373 193 415 aut
220 366 347 414 haec
372 366 428 412 in
446 369 648 412 nostros
677 364 933 411 fabricata
952 367 1030 410 est
1056 361 1296 409 machina
1322 375 1494 408 muros

102 454 401 516 inspectura
426 453 603 521 domos
637 456 958 512 venturaque
980 450 1200 511 desuper
1226 447 1356 508 urbi,

104 546 194 589 aut
219 540 408 602 aliquis
435 522 566 587 latet
591 554 758 599 error3
796 553 928 599 equo
952 552 1017 584 ne
1043 537 1251 596 credite,
1277 533 1476 582 Teucri.

105 627 371 690 Quidquid
394 626 449 674 id
474 631 566 687 est,
584 625 744 673 timeo
769 626 974 672 Danaos
1003 628 1055 671 et
1082 624 1216 670 dona
1240 620 1491 670 ferentis)

107 715 189 762 Sic
215 715 356 762 fatus
381 713 571 761 validis
599 713 864 773 ingentem
898 711 1093 759 viribus
1118 710 1324 758 hastam

104 801 162 849 in
184 801 322 849 latus
349 800 506 863 inque
530 800 630 848 seri
656 815 866 847 curvam
891 798 1224 860 compagibus
1252 796 1425 844 alvum

105 888 374 937 contorsit.
449 887 610 935 Stetit
633 887 727 934 illa
751 891 992 945 tremens,
1022 891 1267 946 uteroque
1293 899 1500 931 recusso

106 977 380 1024 insonuere
406 990 560 1022 cavae
591 974 943 1035 gemitumque
970 973 1154 1020 dedere
1181 986 1447 1019 cavernae.

106 1057 176 1104 Et
201 1056 246 1104 si
270 1056 383 1104 fata
408 1056 576 1115 deum,
603 1054 649 1103 si
673 1069 816 1101 mens
843 1069 945 1100 non
970 1051 1119 1100 laeva
1142 1052 1348 1112 fuisset,

107 1143 386 1213 impulerat
409 1143 548 1189 ferro
572 1141 842 1201 Argolicas
869 1140 1080 1188 foedare
1115 1138 1355 1198 latebras,

108 1230 365 1293 Troiaque
390 1244 527 1277 1111110
553 1233 730 1288 staret,
756 1226 1057 1290 Priamique
1083 1242 1175 1274 arx
1200 1225 1308 1274 alta
1332 1240 1574 1274 maneres.

109 1407 255 1447 Emer
277 1404 436 1455 Sinon,
462 1417 513 1446 as
535 1417 562 1446 α
575 1406 797 1455 prisoner.

175 1502 308 1549 Ecce
334 1516 518 1549 manus
542 1500 781 1547 iuvenem
808 1499 1008 1565 interea
1033 1503 1150 1561 post
1174 1502 1322 1559 terga
1350 1497 1640 1545 revinctum

110 1593 343 1651 pastores
368 1603 555 1649 magno
580 1587 648 1635 ad
672 1602 844 1647 regem
869 1586 1090 1633 clamore
1115 1585 1393 1633 trahebant

111 1675 457 1734 Dardanidae,
479 1673 570 1737 qui
596 1689 650 1722 se
674 1673 907 1735 ignotum
937 1672 1266 1720 venientibus
1291 1672 1446 1732 ultro,

111 1762 207 1809 hoc
232 1760 402 1824 ipsum
429 1765 488 1809 ut
513 1765 735 1809 strueret
758 1760 1069 1825 Troiamque
1095 1760 1320 1822 aperiret
1346 1757 1581 1819 Achivis,

113 1848 385 1909 obtulerat,
411 1848 578 1896 fidens
605 1847 765 1895 animi
792 1851 950 1909 atque
979 1847 1035 1893 in
1063 1851 1337 1908 utrumque
1363 1851 1591 1907 paratus,

114 1951 204 1984 seu
222 1950 428 1983 versare
448 1934 591 1982 dolos
619 1950 709 1982 seu
734 1938 903 1982 certae
935 1933 1232 1980 occumbere
1258 1932 1428 1981 morti.

113 2022 364 2084 Undique
383 2020 590 2071 visendi
617 2020 791 2089 studio
816 2002 1040 2068 Troiana
1070 2002 1315 2067 iuventus

114 2109 432 2157 circumfusa
455 2108 562 2156 ruit
591 2112 896 2169 certantque
935 2106 1171 2154 inludere
1190 2113 1358 2169 capto.

113 2196 308 2259 Accipe
332 2211 469 2244 nunc
494 2197 731 2243 Danaum
750 2194 971 2243 insidias
991 2199 1044 2241 et
1063 2193 1276 2241 crimine
1302 2194 1366 2241 ab
1390 2209 1495 2242 uno

114 2283 254 2331 disce
279 2283 462 2332 omnis.

113 2370 354 2431 Namque
378 2374 438 2417 ut
463 2374 742 2432 conspectu
764 2368 820 2416 in
844 2368 1016 2416 medio
1041 2367 1280 2416 turbatus
1305 2366 1519 2416 inermis

114 2456 353 2504 constitit
378 2461 534 2519 atque
559 2456 722 2504 oculis
747 2455 982 2519 Phrygia
1006 2455 1214 2516 agmina
1239 2453 1619 2516 circumspexit,

1781 119 1848 170 33

117 2543 281 2603 ‘Heu,
322 2558 453 2604 quae
489 2558 626 2590 1111110
662 2542 853 2603 tellus,’
884 2542 1070 2604 inquit,
1095 2546 1254 2603 ‘quae
1291 2557 1371 2587 me
1398 2557 1621 2602 aequora
1645 2543 1860 2602 possunt

115 2629 345 2691 accipere
363 2630 389 2676 ?
458 2628 569 2676 Aut
594 2628 720 2691 quid
747 2629 851 2676 iam
877 2629 1066 2676 misero
1091 2627 1222 2674 mihi
1249 2628 1471 2690 denique
1497 2632 1675 2688 restat,

115 2715 198 2762 cui
223 2730 391 2778 neque
424 2716 563 2778 apud
587 2716 794 2763 Danaos
814 2731 1032 2777 usquam
1058 2715 1217 2773 locus,
1240 2719 1291 2761 et
1317 2730 1470 2776 super
1494 2712 1597 2776 ipsi

116 2801 445 2849 Dardanidae
470 2801 665 2849 infensi
690 2817 881 2864 poenas
905 2816 1019 2849 cum
1042 2799 1291 2862 sanguine
1311 2805 1531 2863 poscunt
1550 2799 1599 2848 ‘?'

1811 2635 1857 2672 70
