2148 3204
693 137 1002 178 AENEIDOS
1041 136 1161 173 LIB.
1207 135 1267 173 V.

116 337 369 379 Mnestheus
385 346 542 385 posses
568 331 698 383 Gyas.

177 441 250 487 At
275 439 441 486 laetus
462 435 769 483 Mnestheus
792 445 1132 493 successuque
1158 427 1323 477 acrior
1347 426 1464 490 ipso

111 527 315 590 agmine
340 539 595 572 remorum
622 521 775 569 celeri
801 519 1073 580 ventisque
1098 515 1294 564 vocatis

112 630 274 679 prona
297 613 430 676 petit
454 609 619 658 maria
643 614 694 655 et
719 607 901 670 pelago
928 604 1156 653 decurrit
1183 609 1374 666 aperto.

112 701 291 760 Qualis
320 699 565 762 spelunca
590 695 761 744 subito
787 697 1043 741 commota
1068 691 1320 749 columba,

114 789 199 838 cui
223 789 404 836 domus
431 790 482 833 et
508 782 684 831 dulces
709 781 968 829 latebroso
993 779 1049 826 in
1073 777 1278 842 pumice
1303 775 1432 837 nidi,

115 878 283 925 fertur
308 875 363 921 in
387 888 512 921 arva
536 870 717 918 volans
744 869 1089 931 plausumque
1116 864 1365 913 exterrita
1390 861 1567 927 pinnis

118 966 206 1012 dat
231 968 367 1010 tecto
393 961 671 1021 ingentem,
700 972 820 1003 mox
845 962 958 1003 aere
985 954 1133 1016 lapsa
1159 952 1335 1015 quieto

117 1050 256 1100 radit
281 1049 379 1096 iter
402 1047 662 1109 liquidum
688 1043 868 1092 celeris
894 1057 1060 1104 neque
1087 1044 1375 1088 commovet
1400 1038 1537 1087 alas:

120 1139 194 1188 sic
219 1135 539 1194 Mnestheus,
568 1133 641 1181 sic
665 1132 782 1194 ipsa
805 1131 931 1191 fuga
957 1134 1095 1176 secat
1121 1128 1308 1175 ultima
1332 1126 1521 1174 Pristis

121 1240 359 1288 aequora,
387 1223 459 1271 sic
484 1221 632 1268 illam
656 1220 760 1269 fert
786 1218 1012 1280 impetus
1040 1216 1151 1278 ipse
1182 1215 1456 1262 volantem.

121 1316 191 1361 Et
215 1312 437 1376 primum
463 1310 519 1356 in
544 1307 756 1371 scopulo
780 1307 1067 1354 luctantem
1095 1303 1286 1350 deserit
1316 1302 1422 1349 alto

125 1402 417 1461 Sergestum
443 1396 791 1457 brevibusque
816 1393 965 1441 vadis
991 1392 1291 1453 frustraque
1318 1392 1592 1436 vocantem

124 1487 320 1537 auxilia
345 1491 396 1533 et
421 1484 602 1532 fractis
630 1483 916 1530 discentem
941 1494 1144 1527 currere
1166 1477 1334 1525 remis.

126 1575 256 1623 Inde
283 1575 438 1636 Gyan
459 1572 728 1634 ipsamque
755 1567 956 1630 ingenti
983 1566 1116 1613 mole
1147 1564 1471 1613 Chimaeram

126 1660 486 1724 consequitur,
525 1657 676 1719 cedit,
704 1654 950 1719 quoniam
977 1653 1200 1717 spoliata
1226 1650 1476 1712 magistro
1501 1653 1595 1698 est.

136 1842 384 1884 Cloanthus
405 1842 474 1882 the
496 1842 645 1880 victor.

201 1944 349 1993 Solus
375 1944 581 2005 iamque
606 1942 721 2005 ipso
749 1943 986 2003 superest
1010 1938 1067 1986 in
1091 1937 1193 1984 fine
1222 1932 1536 1993 Cloanthus3

133 2048 286 2095 quem
310 2031 444 2094 petit
470 2035 520 2077 et
548 2028 762 2077 summis
789 2026 1010 2075 adnixus
1037 2024 1236 2072 viribus
1265 2026 1428 2082 urget.

133 2122 267 2168 Tum
294 2134 412 2166 vero
436 2116 724 2179 ingeminat
749 2115 956 2174 clamor,
983 2111 1258 2173 cunctique
1284 2112 1584 2170 sequentem

133 2207 388 2268 instigant
414 2204 616 2265 studiis,
642 2208 951 2264 resonatque
978 2199 1270 2260 fragoribus
1301 2196 1492 2244 aether.

136 2294 212 2342 Hi
236 2293 500 2357 proprium
526 2292 679 2339 decus
706 2298 758 2338 et
781 2294 988 2353 partum
1013 2287 1353 2347 indignantur
1381 2281 1628 2328 honorem

136 2381 192 2429 ni
216 2385 443 2441 teneant,
469 2380 734 2441 vitamque
758 2377 943 2424 volunt
967 2391 1060 2438 pro
1085 2374 1237 2421 laude
1265 2369 1486 2434 pacisci:

137 2470 232 2517 hos
259 2484 523 2517 successus
550 2467 671 2527 alit3
709 2468 942 2529 possunt,
969 2462 1092 2525 quia
1115 2476 1264 2524 posse
1292 2458 1548 2505 videntur.

139 2558 208 2604 Et
233 2557 341 2604 fors
367 2555 601 2617 aequatis
628 2553 890 2615 cepissent
916 2533 1144 2613 praemia
1169 2545 1366 2605 rostris,

140 2643 197 2691 ni
220 2643 419 2706 palmas
444 2646 602 2704 ponto
628 2640 846 2687 tendens
872 2642 1116 2699 utrasque
1144 2633 1429 2683 Cloanthus

143 2730 467 2790 fudissetque
493 2743 668 2790 preces
695 2726 946 2787 divosque
972 2723 1026 2769 in
1052 2727 1173 2769 vota
1200 2724 1445 2767 vocasset.

1754 114 1857 166 123

1792 432 1862 469 21³1

1799 872 1871 909 215

1806 1306 1876 1343 220

1813 1938 1884 1974 225

1815 2373 1888 2410 230

147 2816 259 2876 ‘Di,
285 2815 472 2878 quibus
496 2812 772 2876 imperium
798 2816 878 2859 est
902 2809 1089 2874 pelagi,
1116 2822 1331 2869 quorum
1359 2819 1580 2866 aequora
1605 2816 1766 2861 curro,
1820 2809 1890 2845 235
