<?xml version="1.0" encoding="UTF-8"?>
<!DOCTYPE html PUBLIC "-//W3C//DTD XHTML 1.0 Transitional//EN"
    "http://www.w3.org/TR/xhtml1/DTD/xhtml1-transitional.dtd">
<html xmlns="http://www.w3.org/1999/xhtml" xml:lang="en" lang="en">
 <head>
  <title>
</title>
<meta http-equiv="Content-Type" content="text/html;charset=utf-8" />
  <meta name='ocr-system' content='tesseract 3.04.00' />
  <meta name='ocr-capabilities' content='ocr_page ocr_carea ocr_par ocr_line ocrx_word'/>
</head>
<body>
  <div class='ocr_page' id='page_1' title='image "./virgilsaeneidboo00virgrich_0222.png"; bbox 0 0 2148 3204; ppageno 0'>
   <div class='ocr_carea' id='block_1_1' title="bbox 262 148 1478 199">
    <p class='ocr_par' dir='ltr' id='par_1_1' title="bbox 262 148 1478 199">
     <span class='ocr_line' id='line_1_1' title="bbox 262 148 1478 199; baseline -0.005 0"><span class='ocrx_word' id='word_1_1' title='bbox 262 148 367 199; x_wconf 83' lang='lat'>130</span> <span class='ocrx_word' id='word_1_2' title='bbox 798 159 853 196; x_wconf 84' lang='lat' dir='ltr'>P.</span> <span class='ocrx_word' id='word_1_3' title='bbox 899 158 1159 196; x_wconf 79' lang='lat' dir='ltr'><strong>VERGILI</strong></span> <span class='ocrx_word' id='word_1_4' title='bbox 1197 157 1290 194; x_wconf 86' lang='lat' dir='ltr'>MA</span> <span class='ocrx_word' id='word_1_5' title='bbox 1300 157 1478 194; x_wconf 54' lang='lat' dir='ltr'>uorsus</span> 
     </span>
    </p>
   </div>
   <div class='ocr_carea' id='block_1_2' title="bbox 261 295 1676 447">
    <p class='ocr_par' dir='ltr' id='par_1_2' title="bbox 261 295 1676 447">
     <span class='ocr_line' id='line_1_2' title="bbox 262 295 1676 348; baseline -0.004 0"><span class='ocrx_word' id='word_1_6' title='bbox 262 302 460 348; x_wconf 90' lang='lat' dir='ltr'>Ducere</span> <span class='ocrx_word' id='word_1_7' title='bbox 486 299 622 347; x_wconf 91' lang='lat' dir='ltr'>dona</span> <span class='ocrx_word' id='word_1_8' title='bbox 647 297 801 346; x_wconf 86' lang='lat' dir='ltr'>iube.⁷</span> <span class='ocrx_word' id='word_1_9' title='bbox 875 296 1061 346; x_wconf 87' lang='lat' dir='ltr'>Cuncti</span> <span class='ocrx_word' id='word_1_10' title='bbox 1089 295 1244 344; x_wconf 88' lang='lat' dir='ltr'>simul</span> <span class='ocrx_word' id='word_1_11' title='bbox 1271 311 1355 343; x_wconf 87' lang='lat' dir='ltr'>ore</span> <span class='ocrx_word' id='word_1_12' title='bbox 1382 295 1676 344; x_wconf 86' lang='lat' dir='ltr'>fremebant</span> 
     </span>
     <span class='ocr_line' id='line_1_3' title="bbox 261 382 1571 447; baseline -0.004 -12"><span class='ocrx_word' id='word_1_13' title='bbox 261 386 591 436; x_wconf 80' lang='lat' dir='ltr'>Dardanidae</span> <span class='ocrx_word' id='word_1_14' title='bbox 617 385 868 447; x_wconf 80' lang='lat' dir='ltr'>reddique</span> <span class='ocrx_word' id='word_1_15' title='bbox 892 384 1005 432; x_wconf 88' lang='lat' dir='ltr'>viro</span> <span class='ocrx_word' id='word_1_16' title='bbox 1030 382 1286 446; x_wconf 87' lang='lat' dir='ltr'>promissa</span> <span class='ocrx_word' id='word_1_17' title='bbox 1310 383 1571 430; x_wconf 88' lang='lat' dir='ltr'>iubebant.</span> 
     </span>
    </p>
   </div>
   <div class='ocr_carea' id='block_1_3' title="bbox 263 556 767 598">
    <p class='ocr_par' dir='ltr' id='par_1_3' title="bbox 263 556 767 598">
     <span class='ocr_line' id='line_1_4' title="bbox 263 556 767 598; baseline -0.01 0"><span class='ocrx_word' id='word_1_18' title='bbox 263 557 406 598; x_wconf 79' lang='lat' dir='ltr'>Dares</span> <span class='ocrx_word' id='word_1_19' title='bbox 427 556 518 597; x_wconf 79' lang='lat' dir='ltr'>and</span> <span class='ocrx_word' id='word_1_20' title='bbox 547 556 767 594; x_wconf 75' lang='lat' dir='ltr'><em>Entellus.</em></span> 
     </span>
    </p>
   </div>
   <div class='ocr_carea' id='block_1_4' title="bbox 261 647 1822 2899">
    <p class='ocr_par' dir='ltr' id='par_1_4' title="bbox 261 647 1822 2287">
     <span class='ocr_line' id='line_1_5' title="bbox 328 647 1614 712; baseline -0.003 -12"><span class='ocrx_word' id='word_1_21' title='bbox 328 652 432 700; x_wconf 88' lang='lat' dir='ltr'>Hic</span> <span class='ocrx_word' id='word_1_22' title='bbox 458 650 632 712; x_wconf 85' lang='lat' dir='ltr'>gravis</span> <span class='ocrx_word' id='word_1_23' title='bbox 657 649 927 697; x_wconf 85' lang='lat' dir='ltr'>Entellum</span> <span class='ocrx_word' id='word_1_24' title='bbox 954 647 1109 696; x_wconf 88' lang='lat' dir='ltr'>dictis</span> <span class='ocrx_word' id='word_1_25' title='bbox 1136 647 1357 709; x_wconf 84' lang='lat' dir='ltr'>castigat</span> <span class='ocrx_word' id='word_1_26' title='bbox 1382 648 1614 709; x_wconf 82' lang='lat' dir='ltr'>AcesteS,</span> 
     </span>
     <span class='ocr_line' id='line_1_6' title="bbox 261 735 1603 804; baseline -0.004 -16"><span class='ocrx_word' id='word_1_27' title='bbox 261 740 528 804; x_wconf 89' lang='lat' dir='ltr'>proximus</span> <span class='ocrx_word' id='word_1_28' title='bbox 554 742 612 786; x_wconf 87' lang='lat' dir='ltr'>ut</span> <span class='ocrx_word' id='word_1_29' title='bbox 639 737 894 784; x_wconf 89' lang='lat' dir='ltr'>viridante</span> <span class='ocrx_word' id='word_1_30' title='bbox 920 742 1033 783; x_wconf 86' lang='lat' dir='ltr'>toro</span> <span class='ocrx_word' id='word_1_31' title='bbox 1059 736 1361 783; x_wconf 90' lang='lat' dir='ltr'>consederat</span> <span class='ocrx_word' id='word_1_32' title='bbox 1386 735 1603 783; x_wconf 79' lang='lat' dir='ltr'>herbae:</span> 
     </span>
     <span class='ocr_line' id='line_1_7' title="bbox 262 822 1588 886; baseline -0.004 -11"><span class='ocrx_word' id='word_1_33' title='bbox 262 827 506 886; x_wconf 80' lang='lat' dir='ltr'>‘Entelle,</span> <span class='ocrx_word' id='word_1_34' title='bbox 535 826 749 874; x_wconf 84' lang='lat' dir='ltr'>heroum</span> <span class='ocrx_word' id='word_1_35' title='bbox 776 824 1034 886; x_wconf 88' lang='lat' dir='ltr'>quondam</span> <span class='ocrx_word' id='word_1_36' title='bbox 1063 822 1350 870; x_wconf 72' lang='lat' dir='ltr'>fortissime</span> <span class='ocrx_word' id='word_1_37' title='bbox 1376 823 1588 883; x_wconf 84' lang='lat' dir='ltr'>frustra,</span> 
     </span>
     <span class='ocr_line' id='line_1_8' title="bbox 261 909 1467 976; baseline -0.006 -13"><span class='ocrx_word' id='word_1_38' title='bbox 261 920 473 963; x_wconf 89' lang='lat' dir='ltr'>tantane</span> <span class='ocrx_word' id='word_1_39' title='bbox 498 919 606 962; x_wconf 85' lang='lat' dir='ltr'>tam</span> <span class='ocrx_word' id='word_1_40' title='bbox 632 913 836 976; x_wconf 89' lang='lat' dir='ltr'>patiens</span> <span class='ocrx_word' id='word_1_41' title='bbox 862 911 1008 958; x_wconf 84' lang='lat' dir='ltr'>nullo</span> <span class='ocrx_word' id='word_1_42' title='bbox 1034 911 1315 958; x_wconf 90' lang='lat' dir='ltr'>certamine</span> <span class='ocrx_word' id='word_1_43' title='bbox 1351 909 1467 957; x_wconf 86' lang='lat' dir='ltr'>tolli</span> 
     </span>
     <span class='ocr_line' id='line_1_9' title="bbox 261 997 1678 1059; baseline -0.004 -8"><span class='ocrx_word' id='word_1_44' title='bbox 261 1003 397 1051; x_wconf 86' lang='lat' dir='ltr'>dona</span> <span class='ocrx_word' id='word_1_45' title='bbox 422 1003 557 1050; x_wconf 89' lang='lat' dir='ltr'>sines</span> <span class='ocrx_word' id='word_1_46' title='bbox 575 1003 600 1049; x_wconf 66' lang='grc' dir='ltr'>ΣΡ</span> <span class='ocrx_word' id='word_1_47' title='bbox 674 1000 780 1049; x_wconf 87' lang='lat' dir='ltr'>Ubi</span> <span class='ocrx_word' id='word_1_48' title='bbox 806 1015 944 1047; x_wconf 89' lang='lat' dir='ltr'>nunc</span> <span class='ocrx_word' id='word_1_49' title='bbox 969 998 1118 1046; x_wconf 86' lang='lat' dir='ltr'>nobis</span> <span class='ocrx_word' id='word_1_50' title='bbox 1145 998 1270 1045; x_wconf 91' lang='lat' dir='ltr'>deus</span> <span class='ocrx_word' id='word_1_51' title='bbox 1297 997 1387 1044; x_wconf 81' lang='lat' dir='ltr'>ille</span> <span class='ocrx_word' id='word_1_52' title='bbox 1413 997 1678 1059; x_wconf 86' lang='lat' dir='ltr'>magister,</span> 
     </span>
     <span class='ocr_line' id='line_1_10' title="bbox 261 1084 1822 1153; baseline -0.004 -15"><span class='ocrx_word' id='word_1_53' title='bbox 261 1090 575 1153; x_wconf 81' lang='lat' dir='ltr'>nequiquam</span> <span class='ocrx_word' id='word_1_54' title='bbox 600 1092 914 1136; x_wconf 88' lang='lat' dir='ltr'>memoratus</span> <span class='ocrx_word' id='word_1_55' title='bbox 941 1087 1088 1150; x_wconf 94' lang='lat' dir='ltr'>Eryx</span> <span class='ocrx_word' id='word_1_56' title='bbox 1109 1087 1134 1133; x_wconf 84' lang='lat'>?</span> <span class='ocrx_word' id='word_1_57' title='bbox 1204 1084 1312 1133; x_wconf 88' lang='lat' dir='ltr'>Ubi</span> <span class='ocrx_word' id='word_1_58' title='bbox 1336 1085 1478 1132; x_wconf 83' lang='lat' dir='ltr'>fama</span> <span class='ocrx_word' id='word_1_59' title='bbox 1502 1101 1592 1147; x_wconf 84' lang='lat' dir='ltr'>per</span> <span class='ocrx_word' id='word_1_60' title='bbox 1618 1100 1822 1132; x_wconf 89' lang='lat' dir='ltr'>omnem</span> 
     </span>
     <span class='ocr_line' id='line_1_11' title="bbox 262 1161 1677 1238; baseline -0.004 -13"><span class='ocrx_word' id='word_1_61' title='bbox 262 1177 581 1226; x_wconf 78' lang='lat' dir='ltr'>Trinacriam</span> <span class='ocrx_word' id='word_1_62' title='bbox 609 1181 659 1224; x_wconf 86' lang='lat' dir='ltr'>et</span> <span class='ocrx_word' id='word_1_63' title='bbox 687 1175 856 1238; x_wconf 87' lang='lat' dir='ltr'>spolia</span> <span class='ocrx_word' id='word_1_64' title='bbox 880 1174 975 1222; x_wconf 77' lang='lat' dir='ltr'>illa</span> <span class='ocrx_word' id='word_1_65' title='bbox 999 1161 1105 1222; x_wconf 89' lang='lat' dir='ltr'>tuis</span> <span class='ocrx_word' id='word_1_66' title='bbox 1134 1172 1416 1236; x_wconf 76' lang='lat' dir='ltr'>pendentia</span> <span class='ocrx_word' id='word_1_67' title='bbox 1446 1172 1598 1220; x_wconf 88' lang='lat' dir='ltr'>tectis</span> <span class='ocrx_word' id='word_1_68' title='bbox 1619 1174 1644 1219; x_wconf 59' lang='grc' dir='ltr'>ἱ)</span> <span class='ocrx_word' id='word_1_69' title='bbox 1665 1173 1677 1196; x_wconf 82' lang='lat'><em>&#39;</em></span> 
     </span>
     <span class='ocr_line' id='line_1_12' title="bbox 262 1259 1702 1321; baseline -0.006 -7"><span class='ocrx_word' id='word_1_70' title='bbox 262 1266 361 1314; x_wconf 84' lang='lat' dir='ltr'>Ille</span> <span class='ocrx_word' id='word_1_71' title='bbox 389 1265 483 1313; x_wconf 93' lang='lat' dir='ltr'>sub</span> <span class='ocrx_word' id='word_1_72' title='bbox 508 1264 661 1312; x_wconf 89' lang='lat' dir='ltr'>haec:</span> <span class='ocrx_word' id='word_1_73' title='bbox 693 1263 842 1310; x_wconf 80' lang='lat' dir='ltr'>‘Non</span> <span class='ocrx_word' id='word_1_74' title='bbox 868 1261 1041 1309; x_wconf 78' lang='lat' dir='ltr'>laudis</span> <span class='ocrx_word' id='word_1_75' title='bbox 1069 1277 1211 1309; x_wconf 88' lang='lat' dir='ltr'>amor</span> <span class='ocrx_word' id='word_1_76' title='bbox 1236 1276 1329 1307; x_wconf 91' lang='lat' dir='ltr'>nec</span> <span class='ocrx_word' id='word_1_77' title='bbox 1357 1259 1520 1321; x_wconf 81' lang='lat' dir='ltr'>gloria</span> <span class='ocrx_word' id='word_1_78' title='bbox 1546 1259 1702 1307; x_wconf 89' lang='lat' dir='ltr'>cessit</span> 
     </span>
     <span class='ocr_line' id='line_1_13' title="bbox 261 1348 1632 1416; baseline -0.006 -15"><span class='ocrx_word' id='word_1_79' title='bbox 261 1353 413 1416; x_wconf 87' lang='lat' dir='ltr'>pulsa</span> <span class='ocrx_word' id='word_1_80' title='bbox 437 1357 577 1399; x_wconf 90' lang='lat' dir='ltr'>metu</span> <span class='ocrx_word' id='word_1_81' title='bbox 599 1371 608 1413; x_wconf 80' lang='lat'>3</span> <span class='ocrx_word' id='word_1_82' title='bbox 649 1351 739 1398; x_wconf 90' lang='lat' dir='ltr'>sed</span> <span class='ocrx_word' id='word_1_83' title='bbox 765 1350 902 1398; x_wconf 91' lang='lat' dir='ltr'>enim</span> <span class='ocrx_word' id='word_1_84' title='bbox 930 1349 1132 1410; x_wconf 85' lang='lat' dir='ltr'>gelidus</span> <span class='ocrx_word' id='word_1_85' title='bbox 1158 1348 1398 1395; x_wconf 86' lang='lat' dir='ltr'>tardante</span> <span class='ocrx_word' id='word_1_86' title='bbox 1425 1353 1632 1395; x_wconf 76' lang='lat' dir='ltr'>senecta</span> 
     </span>
     <span class='ocr_line' id='line_1_14' title="bbox 263 1433 1697 1501; baseline -0.004 -13"><span class='ocrx_word' id='word_1_87' title='bbox 263 1440 471 1501; x_wconf 89' lang='lat' dir='ltr'>sanguis</span> <span class='ocrx_word' id='word_1_88' title='bbox 497 1439 667 1499; x_wconf 90' lang='lat' dir='ltr'>hebet,</span> <span class='ocrx_word' id='word_1_89' title='bbox 695 1438 995 1499; x_wconf 82' lang='lat' dir='ltr'>frigentque</span> <span class='ocrx_word' id='word_1_90' title='bbox 1023 1437 1208 1483; x_wconf 81' lang='lat' dir='ltr'>effetae</span> <span class='ocrx_word' id='word_1_91' title='bbox 1233 1435 1286 1482; x_wconf 91' lang='lat' dir='ltr'>in</span> <span class='ocrx_word' id='word_1_92' title='bbox 1311 1450 1521 1497; x_wconf 86' lang='lat' dir='ltr'>corpore</span> <span class='ocrx_word' id='word_1_93' title='bbox 1548 1433 1697 1482; x_wconf 84' lang='lat' dir='ltr'>vires.</span> 
     </span>
     <span class='ocr_line' id='line_1_15' title="bbox 263 1521 1780 1589; baseline -0.004 -14"><span class='ocrx_word' id='word_1_94' title='bbox 263 1528 318 1577; x_wconf 85' lang='lat' dir='ltr'>Si</span> <span class='ocrx_word' id='word_1_95' title='bbox 345 1527 487 1587; x_wconf 92' lang='lat' dir='ltr'>mihi,</span> <span class='ocrx_word' id='word_1_96' title='bbox 514 1542 645 1589; x_wconf 87' lang='lat' dir='ltr'>quae</span> <span class='ocrx_word' id='word_1_97' title='bbox 673 1526 934 1588; x_wconf 86' lang='lat' dir='ltr'>quondam</span> <span class='ocrx_word' id='word_1_98' title='bbox 959 1525 1134 1571; x_wconf 81' lang='lat' dir='ltr'>fuerat</span> <span class='ocrx_word' id='word_1_99' title='bbox 1161 1538 1362 1585; x_wconf 88' lang='lat' dir='ltr'>quaque</span> <span class='ocrx_word' id='word_1_100' title='bbox 1387 1522 1653 1584; x_wconf 88' lang='lat' dir='ltr'>improbus</span> <span class='ocrx_word' id='word_1_101' title='bbox 1679 1521 1780 1569; x_wconf 87' lang='lat' dir='ltr'>iste</span> 
     </span>
     <span class='ocr_line' id='line_1_16' title="bbox 261 1609 1501 1674; baseline -0.005 -11"><span class='ocrx_word' id='word_1_102' title='bbox 261 1615 490 1664; x_wconf 83' lang='lat' dir='ltr'>exsultat</span> <span class='ocrx_word' id='word_1_103' title='bbox 516 1614 697 1674; x_wconf 88' lang='lat' dir='ltr'>fidens,</span> <span class='ocrx_word' id='word_1_104' title='bbox 728 1612 772 1660; x_wconf 89' lang='lat' dir='ltr'>si</span> <span class='ocrx_word' id='word_1_105' title='bbox 798 1628 938 1659; x_wconf 91' lang='lat' dir='ltr'>nunc</span> <span class='ocrx_word' id='word_1_106' title='bbox 963 1612 1103 1659; x_wconf 86' lang='lat' dir='ltr'>foret</span> <span class='ocrx_word' id='word_1_107' title='bbox 1128 1610 1222 1658; x_wconf 87' lang='lat' dir='ltr'>illa</span> <span class='ocrx_word' id='word_1_108' title='bbox 1246 1609 1501 1669; x_wconf 86' lang='lat' dir='ltr'>iuventas,</span> 
     </span>
     <span class='ocr_line' id='line_1_17' title="bbox 261 1696 1727 1764; baseline -0.006 -13"><span class='ocrx_word' id='word_1_109' title='bbox 261 1703 401 1750; x_wconf 90' lang='lat' dir='ltr'>haud</span> <span class='ocrx_word' id='word_1_110' title='bbox 427 1701 665 1764; x_wconf 88' lang='lat' dir='ltr'>equidem</span> <span class='ocrx_word' id='word_1_111' title='bbox 694 1699 861 1763; x_wconf 87' lang='lat' dir='ltr'>pretio</span> <span class='ocrx_word' id='word_1_112' title='bbox 889 1699 1134 1746; x_wconf 87' lang='lat' dir='ltr'>inductus</span> <span class='ocrx_word' id='word_1_113' title='bbox 1162 1697 1480 1760; x_wconf 75' lang='lat' dir='ltr'>pulchroque</span> <span class='ocrx_word' id='word_1_114' title='bbox 1506 1696 1727 1743; x_wconf 87' lang='lat' dir='ltr'>iuvenco</span> 
     </span>
     <span class='ocr_line' id='line_1_18' title="bbox 262 1783 1649 1849; baseline -0.005 -12"><span class='ocrx_word' id='word_1_115' title='bbox 262 1790 536 1849; x_wconf 79' lang='lat' dir='ltr'>venissem,</span> <span class='ocrx_word' id='word_1_116' title='bbox 564 1804 657 1835; x_wconf 91' lang='lat' dir='ltr'>nec</span> <span class='ocrx_word' id='word_1_117' title='bbox 684 1789 819 1836; x_wconf 88' lang='lat' dir='ltr'>dona</span> <span class='ocrx_word' id='word_1_118' title='bbox 843 1786 1044 1834; x_wconf 83' lang='lat' dir='ltr'>moror.⁷</span> <span class='ocrx_word' id='word_1_119' title='bbox 1119 1785 1203 1833; x_wconf 80' lang='lat' dir='ltr'>Sic</span> <span class='ocrx_word' id='word_1_120' title='bbox 1231 1784 1418 1832; x_wconf 93' lang='lat' dir='ltr'>deinde</span> <span class='ocrx_word' id='word_1_121' title='bbox 1443 1783 1649 1830; x_wconf 88' lang='lat' dir='ltr'>locutus</span> 
     </span>
     <span class='ocr_line' id='line_1_19' title="bbox 261 1872 1549 1936; baseline -0.005 -11"><span class='ocrx_word' id='word_1_122' title='bbox 261 1877 316 1925; x_wconf 91' lang='lat' dir='ltr'>in</span> <span class='ocrx_word' id='word_1_123' title='bbox 341 1876 570 1924; x_wconf 87' lang='lat' dir='ltr'>medium</span> <span class='ocrx_word' id='word_1_124' title='bbox 597 1875 828 1936; x_wconf 87' lang='lat' dir='ltr'>geminos</span> <span class='ocrx_word' id='word_1_125' title='bbox 855 1872 1072 1922; x_wconf 85' lang='lat' dir='ltr'>immani</span> <span class='ocrx_word' id='word_1_126' title='bbox 1097 1873 1321 1935; x_wconf 89' lang='lat' dir='ltr'>pondere</span> <span class='ocrx_word' id='word_1_127' title='bbox 1347 1875 1549 1918; x_wconf 84' lang='lat' dir='ltr'>caestus</span> 
     </span>
     <span class='ocr_line' id='line_1_20' title="bbox 262 1958 1510 2028; baseline -0.006 -16"><span class='ocrx_word' id='word_1_128' title='bbox 262 1964 479 2028; x_wconf 87' lang='lat' dir='ltr'>proiecit</span> <span class='ocrx_word' id='word_1_129' title='bbox 505 1963 693 2026; x_wconf 88' lang='lat' dir='ltr'>quibus</span> <span class='ocrx_word' id='word_1_130' title='bbox 720 1977 835 2010; x_wconf 88' lang='lat' dir='ltr'>acer</span> <span class='ocrx_word' id='word_1_131' title='bbox 861 1963 1007 2025; x_wconf 85' lang='lat' dir='ltr'>Eryx</span> <span class='ocrx_word' id='word_1_132' title='bbox 1032 1960 1085 2007; x_wconf 87' lang='lat' dir='ltr'>in</span> <span class='ocrx_word' id='word_1_133' title='bbox 1113 1958 1310 2022; x_wconf 78' lang='lat' dir='ltr'>proelia</span> <span class='ocrx_word' id='word_1_134' title='bbox 1335 1962 1510 2005; x_wconf 86' lang='lat' dir='ltr'>suetus</span> 
     </span>
     <span class='ocr_line' id='line_1_21' title="bbox 262 2044 1650 2112; baseline -0.004 -13"><span class='ocrx_word' id='word_1_135' title='bbox 262 2052 398 2100; x_wconf 86' lang='lat' dir='ltr'>ferre</span> <span class='ocrx_word' id='word_1_136' title='bbox 425 2066 636 2098; x_wconf 88' lang='lat' dir='ltr'>manum</span> <span class='ocrx_word' id='word_1_137' title='bbox 668 2051 897 2112; x_wconf 91' lang='lat' dir='ltr'>duroque</span> <span class='ocrx_word' id='word_1_138' title='bbox 924 2048 1191 2095; x_wconf 84' lang='lat' dir='ltr'>intendere</span> <span class='ocrx_word' id='word_1_139' title='bbox 1217 2044 1457 2094; x_wconf 86' lang='lat' dir='ltr'>bracchia</span> <span class='ocrx_word' id='word_1_140' title='bbox 1492 2050 1650 2105; x_wconf 90' lang='lat' dir='ltr'>tergo.</span> 
     </span>
     <span class='ocr_line' id='line_1_22' title="bbox 265 2132 1573 2201; baseline -0.007 -15"><span class='ocrx_word' id='word_1_141' title='bbox 265 2137 575 2201; x_wconf 85' lang='lat' dir='ltr'>Obstipuere</span> <span class='ocrx_word' id='word_1_142' title='bbox 602 2136 796 2197; x_wconf 83' lang='lat' dir='ltr'>ani1ni3</span> <span class='ocrx_word' id='word_1_143' title='bbox 824 2141 1088 2184; x_wconf 88' lang='lat' dir='ltr'>tantorum</span> <span class='ocrx_word' id='word_1_144' title='bbox 1117 2132 1350 2194; x_wconf 84' lang='lat' dir='ltr'>ingentia</span> <span class='ocrx_word' id='word_1_145' title='bbox 1376 2136 1573 2194; x_wconf 84' lang='lat' dir='ltr'>septem</span> 
     </span>
     <span class='ocr_line' id='line_1_23' title="bbox 264 2219 1589 2287; baseline -0.007 -14"><span class='ocrx_word' id='word_1_146' title='bbox 264 2231 411 2286; x_wconf 86' lang='lat' dir='ltr'>terga</span> <span class='ocrx_word' id='word_1_147' title='bbox 435 2226 585 2273; x_wconf 88' lang='lat' dir='ltr'>boum</span> <span class='ocrx_word' id='word_1_148' title='bbox 616 2224 829 2287; x_wconf 84' lang='lat' dir='ltr'>plumbo</span> <span class='ocrx_word' id='word_1_149' title='bbox 856 2224 1030 2271; x_wconf 88' lang='lat' dir='ltr'>insuto</span> <span class='ocrx_word' id='word_1_150' title='bbox 1067 2221 1309 2282; x_wconf 85' lang='lat' dir='ltr'>ferroque</span> <span class='ocrx_word' id='word_1_151' title='bbox 1336 2219 1589 2279; x_wconf 82' lang='lat' dir='ltr'>rigebant.</span> 
     </span>
    </p>

    <p class='ocr_par' dir='ltr' id='par_1_5' title="bbox 266 2307 1654 2461">
     <span class='ocr_line' id='line_1_24' title="bbox 266 2307 1654 2374; baseline -0.006 -14"><span class='ocrx_word' id='word_1_152' title='bbox 266 2314 403 2360; x_wconf 84' lang='lat' dir='ltr'>Ante</span> <span class='ocrx_word' id='word_1_153' title='bbox 429 2312 597 2359; x_wconf 86' lang='lat' dir='ltr'>omnis</span> <span class='ocrx_word' id='word_1_154' title='bbox 624 2316 800 2374; x_wconf 89' lang='lat' dir='ltr'>stupet</span> <span class='ocrx_word' id='word_1_155' title='bbox 826 2310 939 2373; x_wconf 87' lang='lat' dir='ltr'>ipse</span> <span class='ocrx_word' id='word_1_156' title='bbox 964 2310 1128 2356; x_wconf 89' lang='lat' dir='ltr'>Dares</span> <span class='ocrx_word' id='word_1_157' title='bbox 1154 2307 1408 2369; x_wconf 80' lang='lat' dir='ltr'>longeque</span> <span class='ocrx_word' id='word_1_158' title='bbox 1435 2310 1654 2366; x_wconf 83' lang='lat' dir='ltr'>recusat,</span> 
     </span>
     <span class='ocr_line' id='line_1_25' title="bbox 267 2390 1620 2461; baseline -0.004 -15"><span class='ocrx_word' id='word_1_159' title='bbox 267 2399 729 2461; x_wconf 88' lang='lat' dir='ltr'>magnanimusque</span> <span class='ocrx_word' id='word_1_160' title='bbox 757 2396 1104 2445; x_wconf 86' lang='lat' dir='ltr'>Anchisiades</span> <span class='ocrx_word' id='word_1_161' title='bbox 1130 2401 1182 2442; x_wconf 86' lang='lat' dir='ltr'>et</span> <span class='ocrx_word' id='word_1_162' title='bbox 1207 2394 1407 2456; x_wconf 87' lang='lat' dir='ltr'>pondus</span> <span class='ocrx_word' id='word_1_163' title='bbox 1434 2398 1484 2440; x_wconf 91' lang='lat' dir='ltr'>et</span> <span class='ocrx_word' id='word_1_164' title='bbox 1505 2390 1620 2454; x_wconf 78' lang='lat' dir='ltr'>ipsa</span> 
     </span>
    </p>

    <p class='ocr_par' dir='ltr' id='par_1_6' title="bbox 267 2481 1615 2647">
     <span class='ocr_line' id='line_1_26' title="bbox 267 2481 1615 2534; baseline -0.006 0"><span class='ocrx_word' id='word_1_165' title='bbox 267 2487 366 2534; x_wconf 89' lang='lat' dir='ltr'>huc</span> <span class='ocrx_word' id='word_1_166' title='bbox 394 2486 519 2533; x_wconf 87' lang='lat' dir='ltr'>illuc</span> <span class='ocrx_word' id='word_1_167' title='bbox 546 2485 832 2532; x_wconf 88' lang='lat' dir='ltr'>vinclorum</span> <span class='ocrx_word' id='word_1_168' title='bbox 859 2484 1113 2531; x_wconf 80' lang='lat' dir='ltr'>immensa</span> <span class='ocrx_word' id='word_1_169' title='bbox 1137 2481 1404 2529; x_wconf 81' lang='lat' dir='ltr'>volumina</span> <span class='ocrx_word' id='word_1_170' title='bbox 1429 2483 1615 2527; x_wconf 85' lang='lat' dir='ltr'>versat.</span> 
     </span>
     <span class='ocr_line' id='line_1_27' title="bbox 268 2571 1463 2647; baseline -0.007 -25"><span class='ocrx_word' id='word_1_171' title='bbox 268 2576 398 2647; x_wconf 74' lang='lat' dir='ltr'>T.¹¹¹¹¹</span> <span class='ocrx_word' id='word_1_172' title='bbox 427 2574 597 2622; x_wconf 85' lang='lat' dir='ltr'>senior</span> <span class='ocrx_word' id='word_1_173' title='bbox 621 2573 744 2620; x_wconf 83' lang='lat' dir='ltr'>talis</span> <span class='ocrx_word' id='word_1_174' title='bbox 769 2571 1028 2619; x_wconf 81' lang='lat' dir='ltr'>referebat</span> <span class='ocrx_word' id='word_1_175' title='bbox 1051 2573 1256 2632; x_wconf 87' lang='lat' dir='ltr'>pectore</span> <span class='ocrx_word' id='word_1_176' title='bbox 1286 2583 1431 2615; x_wconf 81' lang='lat' dir='ltr'>voces</span> <span class='ocrx_word' id='word_1_177' title='bbox 1453 2585 1463 2615; x_wconf 94' lang='lat'><strong>:</strong></span> 
     </span>
    </p>

    <p class='ocr_par' dir='ltr' id='par_1_7' title="bbox 269 2654 1756 2899">
     <span class='ocr_line' id='line_1_28' title="bbox 269 2654 1602 2723; baseline -0.008 -14"><span class='ocrx_word' id='word_1_178' title='bbox 269 2666 282 2690; x_wconf 84' lang='lat'>‘</span> <span class='ocrx_word' id='word_1_179' title='bbox 299 2661 449 2721; x_wconf 81' lang='lat' dir='ltr'>Quid,</span> <span class='ocrx_word' id='word_1_180' title='bbox 468 2661 519 2718; x_wconf 50' lang='lat' dir='ltr'>‚si</span> <span class='ocrx_word' id='word_1_181' title='bbox 547 2660 664 2723; x_wconf 87' lang='lat' dir='ltr'>quis</span> <span class='ocrx_word' id='word_1_182' title='bbox 691 2664 894 2706; x_wconf 83' lang='lat' dir='ltr'>caestus</span> <span class='ocrx_word' id='word_1_183' title='bbox 919 2657 1084 2720; x_wconf 86' lang='lat' dir='ltr'>ipsius</span> <span class='ocrx_word' id='word_1_184' title='bbox 1112 2660 1163 2703; x_wconf 89' lang='lat' dir='ltr'>et</span> <span class='ocrx_word' id='word_1_185' title='bbox 1190 2654 1434 2702; x_wconf 83' lang='lat' dir='ltr'>Herculis</span> <span class='ocrx_word' id='word_1_186' title='bbox 1460 2669 1602 2701; x_wconf 80' lang='lat' dir='ltr'>arma</span> 
     </span>
     <span class='ocr_line' id='line_1_29' title="bbox 269 2741 1638 2808; baseline -0.007 -12"><span class='ocrx_word' id='word_1_187' title='bbox 269 2748 488 2796; x_wconf 84' lang='lat' dir='ltr'>vidisset</span> <span class='ocrx_word' id='word_1_188' title='bbox 516 2748 821 2808; x_wconf 84' lang='lat' dir='ltr'>tristemque</span> <span class='ocrx_word' id='word_1_189' title='bbox 849 2745 944 2792; x_wconf 91' lang='lat' dir='ltr'>hoc</span> <span class='ocrx_word' id='word_1_190' title='bbox 971 2743 1083 2806; x_wconf 87' lang='lat' dir='ltr'>ipso</span> <span class='ocrx_word' id='word_1_191' title='bbox 1108 2743 1162 2789; x_wconf 91' lang='lat' dir='ltr'>in</span> <span class='ocrx_word' id='word_1_192' title='bbox 1190 2741 1341 2789; x_wconf 86' lang='lat' dir='ltr'>litore</span> <span class='ocrx_word' id='word_1_193' title='bbox 1369 2756 1592 2803; x_wconf 81' lang='lat' dir='ltr'>pugnam</span> <span class='ocrx_word' id='word_1_194' title='bbox 1613 2742 1638 2787; x_wconf 86' lang='lat'>?</span> 
     </span>
     <span class='ocr_line' id='line_1_30' title="bbox 271 2826 1756 2899; baseline -0.006 -17"><span class='ocrx_word' id='word_1_195' title='bbox 271 2836 416 2883; x_wconf 85' lang='lat' dir='ltr'>Haec</span> <span class='ocrx_word' id='word_1_196' title='bbox 444 2849 718 2895; x_wconf 85' lang='lat' dir='ltr'>germanus</span> <span class='ocrx_word' id='word_1_197' title='bbox 744 2833 888 2896; x_wconf 82' lang='lat' dir='ltr'>Eryx</span> <span class='ocrx_word' id='word_1_198' title='bbox 917 2830 1176 2893; x_wconf 82' lang='lat' dir='ltr'>quondam</span> <span class='ocrx_word' id='word_1_199' title='bbox 1202 2833 1323 2876; x_wconf 89' lang='lat' dir='ltr'>tuus</span> <span class='ocrx_word' id='word_1_200' title='bbox 1350 2842 1494 2874; x_wconf 85' lang='lat' dir='ltr'>arma</span> <span class='ocrx_word' id='word_1_201' title='bbox 1519 2826 1756 2899; x_wconf 82' lang='lat' dir='ltr'>gerebat3</span> 
     </span>
    </p>
   </div>
   <div class='ocr_carea' id='block_1_5' title="bbox 1944 920 2016 956">
    <p class='ocr_par' dir='ltr' id='par_1_8' title="bbox 1944 920 2016 956">
     <span class='ocr_line' id='line_1_31' title="bbox 1944 920 2016 956; baseline 0.014 -1"><span class='ocrx_word' id='word_1_202' title='bbox 1944 920 2016 956; x_wconf 82' lang='grc'><strong>390</strong></span> 
     </span>
    </p>
   </div>
   <div class='ocr_carea' id='block_1_6' title="bbox 1945 1356 2016 1391">
    <p class='ocr_par' dir='ltr' id='par_1_9' title="bbox 1945 1356 2016 1391">
     <span class='ocr_line' id='line_1_32' title="bbox 1945 1356 2016 1391; baseline 0 0"><span class='ocrx_word' id='word_1_203' title='bbox 1945 1356 2016 1391; x_wconf 88' lang='grc'>395</span> 
     </span>
    </p>
   </div>
   <div class='ocr_carea' id='block_1_7' title="bbox 1945 1793 2019 1829">
    <p class='ocr_par' dir='ltr' id='par_1_10' title="bbox 1945 1793 2019 1829">
     <span class='ocr_line' id='line_1_33' title="bbox 1945 1793 2019 1829; baseline -0.014 0"><span class='ocrx_word' id='word_1_204' title='bbox 1945 1793 2019 1829; x_wconf 87' lang='grc'>400</span> 
     </span>
    </p>
   </div>
   <div class='ocr_carea' id='block_1_8' title="bbox 1947 2227 2020 2263">
    <p class='ocr_par' dir='ltr' id='par_1_11' title="bbox 1947 2227 2020 2263">
     <span class='ocr_line' id='line_1_34' title="bbox 1947 2227 2020 2263; baseline -0.014 0"><span class='ocrx_word' id='word_1_205' title='bbox 1947 2227 2020 2263; x_wconf 87' lang='lat'>405</span> 
     </span>
    </p>
   </div>
   <div class='ocr_carea' id='block_1_9' title="bbox 1949 2661 2018 2697">
    <p class='ocr_par' dir='ltr' id='par_1_12' title="bbox 1949 2661 2018 2697">
     <span class='ocr_line' id='line_1_35' title="bbox 1949 2661 2018 2697; baseline -0.014 0"><span class='ocrx_word' id='word_1_206' title='bbox 1949 2661 2018 2697; x_wconf 87' lang='grc'>410</span> 
     </span>
    </p>
   </div>
   <div class='ocr_carea' id='block_1_10' title="bbox 2146 1322 2148 1877">
    <p class='ocr_par' dir='ltr' id='par_1_13' title="bbox 2146 1322 2148 1877">
     <span class='ocr_line' id='line_1_36' title="bbox 2146 1322 2148 1877; baseline 0 0"><span class='ocrx_word' id='word_1_207' title='bbox 2146 1322 2148 1877; x_wconf 95' lang='lat' dir='ltr'> </span> 
     </span>
    </p>
   </div>
  </div>
 </body>
</html>
