2148 3204
724 130 1034 170 AENEIDOS
1073 133 1192 170 LIB.
1237 133 1324 172 IV.

152 285 296 319 arma
318 274 502 334 parent
527 275 593 331 et,
622 287 751 333 quae
777 272 929 319 rebus
956 271 1025 320 sit
1050 287 1206 320 causa
1228 272 1500 335 novandis,

152 357 484 405 dissimulent
504 377 515 418 3
554 373 666 405 sese
692 357 903 419 interea,
932 359 1137 422 quando
1163 359 1360 421 optima
1385 360 1523 408 Dido

152 443 349 491 nesciat
374 448 425 491 et
450 448 620 492 tantos
647 445 819 507 rumpi
847 462 948 492 non
973 451 1144 508 speret
1170 462 1383 507 amores,

151 535 526 593 temptaturum
552 532 726 579 aditus
753 538 817 592 et,
846 549 975 594 quae
1001 533 1306 581 mollissima
1330 534 1478 582 fandi

150 622 397 680 tempora,
425 618 541 680 quis
566 619 717 666 rebus
743 619 924 666 dexter
949 621 1146 668 modus.
1221 620 1376 669 Ocius
1403 637 1579 670 omnes

151 703 370 768 imperio
396 705 521 753 laeti
545 711 729 768 parent
754 722 813 754 ac
838 706 980 755 iussa
1004 707 1286 757 facessunt.

150 874 285 924 Dido,
309 876 559 925 suspectinq
585 876 655 915 his
672 887 882 927 purpose,
899 847 1096 928 'charyes
1123 878 1215 917 him
1244 878 1349 917 with
1372 878 1557 928 pevfi-dy.

216 969 289 1017 At
314 969 493 1031 regina
517 971 660 1019 dolos
689 971 827 1034 (quis
853 972 1036 1020 fallere
1062 972 1228 1035 possit
1253 978 1509 1021 amantem
1521 975 1568 1039 ‘?)

149 1057 439 1120 praesensit
464 1063 736 1120 motusque
763 1059 968 1121 excepit
993 1059 1161 1122 prima
1185 1060 1406 1120 futuros,

148 1143 322 1192 omnia
345 1149 462 1192 tuta
484 1144 691 1194 timens.
762 1146 960 1194 Eadem
986 1146 1149 1209 impia
1172 1148 1335 1195 Fama
1358 1146 1560 1195 furenti

148 1231 339 1279 detulit
364 1231 553 1292 armari
578 1231 796 1280 classem
822 1249 1131 1296 cursumque
1156 1234 1342 1297 parari.

150 1317 326 1367 Saevit
351 1317 501 1397 ingps
521 1319 683 1367 animi
705 1324 972 1383 totamque
998 1321 1210 1369 incensa·
1230 1337 1322 1384 per
1347 1322 1526 1370 urbem
1577 1388 1581 1390 μ

148 1396 458 1467 bacchatur?
469 1406 639 1469 qualis
667 1408 934 1456 commotis
962 1392 1131 1456 excita
1156 1409 1313 1457 sacris

149 1492 381 1556 Thyias,¹
404 1494 494 1541 ubi
520 1495 698 1542 audito
726 1495 1000 1543 stimulant
1024 1496 1288 1544 trieterica
1312 1496 1518 1545 Baccho

147 1580 290 1642 orgia
313 1585 697 1644 nocturnusque
724 1586 873 1630 vocat
897 1583 1119 1630 clamore
1146 1583 1442 1632 Cithaeron.

146 1668 377 1716 Tandem
402 1668 484 1717 his
513 1669 725 1717 Aenean
752 1670 1030 1732 compellat
1055 1671 1266 1719 vocibus
1291 1671 1457 1718 ultro:

213 1755 584 1804 ‘Dissimulare
609 1757 765 1804 etiam
794 1757 1029 1820 sperasti,
1055 1758 1264 1821 perfide,
1291 1763 1496 1806 tantum

144 1858 294 1905 posse
318 1844 466 1892 nefas
486 1844 781 1906 tacitusque
805 1861 921 1892 mea
945 1845 1188 1893 decedere
1213 1850 1351 1893 terra
1368 1847 1392 1893 ἵ)

143 1929 254 1977 Nec
279 1934 330 1978 te
355 1936 697 1979 nosteramor
721 1938 814 1979 nec
840 1937 891 1979 te
917 1933 1040 1980 data
1063 1933 1274 1980 dextera
1301 1933 1563 1995 quondam

143 2032 237 2064 nec
262 2017 514 2067 moritura
536 2023 680 2066 tenet
705 2019 903 2067 crudeli
929 2020 1111 2068 funere
1137 2020 1275 2068 Dido
1296 2022 1321 2068 ?

143 2103 279 2160 Quin
303 2105 455 2153 etiam
486 2105 701 2154 hiberno
726 2106 926 2154 moliris
953 2106 1120 2155 sidere
1147 2107 1364 2155 classem

143 2197 195 2238 et
220 2192 404 2240 mediis
429 2209 672 2256 properas
697 2194 1047 2256 Aquilonibus
1073 2193 1147 2241 ire
1171 2210 1262 2256 per
1287 2195 1464 2255 altum,

141 2279 367 2327 crudelis
386 2281 412 2326 ?
483 2280 616 2337 Quid
634 2282 659 2328 ‘?
733 2280 787 2328 Si
812 2297 915 2328 non
940 2297 1064 2328 arva
1089 2281 1260 2329 aliena
1284 2282 1565 2345 domosque
1639 2290 1643 2292 ’

142 2364 348 2426 ignotas
372 2371 572 2429 peteres
599 2372 649 2414 et
675 2367 829 2415 Troia
853 2359 1071 2431 antiqua
1090 2374 1337 2429 maneret,
1546 2394 1550 2395 ν

142 2452 297 2500 Troia
320 2469 411 2516 per
433 2454 690 2502 undosum
716 2460 976 2517 peteretur
996 2455 1248 2503 classibus
1274 2470 1464 2517 aequor
1484 2458 1509 2504 ?

142 2539 296 2587 Mene
322 2540 462 2601 fugis
481 2543 506 2588 ἵ)
576 2541 676 2588 Per
701 2557 794 2603 ego
819 2541 914 2590 has
940 2541 1178 2590 lacrimas
1205 2542 1544 2604 dextramque
1569 2547 1710 2617 tuam
1737 2547 1790 2592 te

149 2626 382 2690 (quando
405 2626 548 2674 aliud
574 2628 704 2674 mihi
728 2628 832 2676 iam
857 2629 1074 2676 miserae
1099 2629 1240 2675 nihil·
1261 2629 1392 2700 iP-{ia-
1405 2629 1634 2696 reliqui),

966 2693 1091 2713 Χ

141 2727 233 2776 per
257 2712 475 2761 conubia
497 2718 688 2775 nostra,
716 2730 807 2777 per
831 2714 1065 2778 inceptos
1089 2715 1416 2778 hymenaeos,

736 2823 770 2859 1.
809 2822 997 2869 Thyias:
1023 2822 1285 2870 dissyllable.

1832 123 1902 176 99

1800 777 1809 781 Δγ
1829 723 1899 760 295

1819 2207 1891 2243 310

1740 2692 1756 2696 w
1812 2639 1882 2677 315
