2148 3204
739 144 1049 183 AENEIDOS
1088 146 1207 182 LIB.
1253 146 1346 182 ΙΙΙ.

170 301 334 349 pauca
358 284 456 334 tibi
481 301 508 333 e
535 283 730 345 multiS‚
760 300 860 347 quo
885 283 1050 332 tutior
1074 282 1285 346 hospita
1309 283 1501 332 lustres

170 388 392 435 aequora
417 377 468 419 et
493 371 729 419 Ausonio
755 371 920 434 possis
948 371 1216 419 considere
1243 376 1411 433 portu,

171 459 444 522 expediam
470 459 622 507 dictis
644 477 654 519 3
684 459 960 521 prohibent
985 474 1105 505 nam
1132 464 1304 506 cetera
1327 459 1520 506 Parcae

172 545 299 595 scire
327 545 585 594 Helenum
612 545 817 608 farique
843 551 987 593 vetat
1014 545 1259 593 Saturnia
1292 546 1437 592 Iuno.

170 633 436 697 Principio
456 633 683 694 Italiam,
711 649 863 695 quam
890 637 949 680 tu
976 632 1079 680 iam
1105 648 1216 681 rere
1243 633 1586 695 propinquam

170 720 486 784 vicinosque,
514 720 706 781 ignare,
735 736 887 783 paras
913 719 1158 768 invadere
1187 725 1383 783 portus,

169 808 323 870 longa
345 807 525 872 procul
549 808 718 868 longis
746 807 832 855 via
857 808 1047 856 dividit
1071 807 1216 856 invia
1239 808 1407 857 terris.

170 897 310 944 Ante
337 900 388 944 et
413 895 683 943 Trinacria
706 894 986 944 lentandus
1014 911 1183 944 remus
1208 895 1265 943 in
1290 896 1430 943 unda

170 988 223 1031 et
248 983 372 1032 salis
397 983 621 1031 Ausonii
644 982 972 1031 lustrandum
997 983 1217 1031 navibus
1244 998 1435 1045 aequor

170 1070 465 1134 infernique
490 1070 633 1118 lacus
659 1070 963 1133 Aeaeaeque
990 1070 1163 1119 insula
1188 1071 1379 1131 Circae,

170 1175 324 1221 quam
349 1162 466 1206 tuta
488 1157 658 1221 possis
686 1159 866 1206 urbem
891 1174 1194 1221 componere
1229 1163 1383 1207 terra.

171 1245 332 1307 Signa
354 1245 453 1294 tibi
478 1245 662 1307 dicam,
683 1250 742 1293 tu
767 1246 978 1293 condita
1001 1250 1174 1293 mente
1196 1250 1386 1293 teneto.

170 1334 301 1383 Cum
325 1333 424 1381 tibi
450 1332 673 1381 sollicito
701 1333 884 1381 secreti
909 1334 975 1381 ad
999 1333 1230 1381 fluminis
1255 1334 1447 1381 undam

168 1419 370 1469 litoreis
395 1419 578 1481 ingens
603 1420 818 1468 inventa
845 1421 938 1468 sub
963 1421 1171 1469 ilicibus
1199 1436 1285 1468 sus

168 1507 389 1569 triginta
412 1507 640 1570 capitum
664 1508 804 1556 fetus
831 1508 983 1556 enixa
1015 1508 1220 1569 iacebit,

170 1594 288 1644 alba
312 1594 420 1643 solo
444 1595 709 1656 recubans,
737 1595 843 1643 albi
868 1595 1062 1643 circum
1085 1596 1244 1644 ubera
1267 1595 1394 1658 nati,

170 1682 214 1731 is
238 1682 382 1730 locus
406 1682 549 1731 urbis
575 1682 688 1744 erit,
710 1683 914 1745 requies
941 1699 1001 1731 ea
1025 1688 1164 1731 certa
1187 1683 1437 1733 laborum.

169 1771 279 1818 Nec
305 1775 364 1818 tu
389 1786 684 1818 mensarum
709 1787 910 1819 morsus
934 1771 1170 1819 horresce
1197 1772 1430 1833 futuros3

169 1858 283 1905 fata
306 1857 444 1905 viam
469 1857 738 1906 invenient
763 1858 1033 1921 aderitque
1057 1864 1270 1906 vocatus
1298 1858 1504 1922 Apollo.

172 1946 286 1993 Has
311 1950 485 1993 autem
509 1949 674 1993 terras
700 1945 929 2008 Italique
955 1946 1088 1994 hanc
1114 1945 1284 1994 litoris
1311 1949 1522 2006 oram?-

170 2032 409 2095 proxima
433 2048 564 2095 quae
588 2033 755 2080 nostri
780 2033 1114 2095 perfunditur
1141 2034 1379 2095 aequoris
1406 2038 1568 2095 aestu,

171 2120 369 2182 effuge3
396 2124 583 2168 cuncta
606 2120 760 2167 malis
786 2119 1090 2168 habitantur
1115 2121 1318 2168 moenia
1345 2116 1514 2169 Grais.

173 2207 277 2255 Hic
302 2211 354 2255 et
378 2207 597 2270 Narycii
622 2213 907 2270 posuerunt
931 2207 1136 2255 moenia
1160 2207 1311 2255 Locri

172 2299 225 2341 et
251 2294 564 2342 Sallentinos
591 2295 796 2342 obsedit
819 2294 987 2343 milite
1012 2311 1219 2358 campos

172 2380 390 2444 Lyctius
417 2381 744 2443 Idomeneus,
767 2381 853 2429 hic
879 2381 971 2429 illa
996 2383 1142 2430 ducis
1168 2380 1414 2431 Meliboei

171 2484 333 2531 parva
356 2467 681 2516 Philoctetae
708 2467 930 2517 subnixa
954 2470 1157 2517 Petelia
1182 2485 1342 2517 muro.

173 2553 310 2611 Quin
333 2553 425 2603 ubi
447 2556 784 2604 transmissae
816 2557 1057 2603 steterint
1081 2561 1226 2604 trans
1252 2572 1476 2618 aequora
1499 2556 1690 2605 classes

173 2646 225 2688 et
249 2641 432 2703 positis
459 2642 562 2690 aris
587 2642 691 2689 iam
717 2648 838 2690 vota
862 2643 915 2690 in
941 2643 1093 2691 litore
1122 2643 1305 2704 solves,

110 2744 114 2749 ·
173 2743 431 2790 purpureo
456 2729 627 2776 velare
654 2745 822 2778 comas
850 2730 1127 2792 adopertus
1156 2730 1361 2790 amictu,

173 2828 235 2861 ne
261 2829 364 2876 qua
386 2813 522 2863 inter
547 2821 753 2864 sanctos
777 2815 915 2878 ignis
941 2817 996 2863 in
1019 2816 1211 2864 honore
1237 2817 1445 2863 deorum

1855 134 1920 186 75

1851 559 1920 595 380

1849 993 1920 1030 385

1850 1440 1920 1476 390

1848 1868 1920 1905 395

1844 2739 1912 2775 405
