<?xml version="1.0" encoding="UTF-8"?>
<!DOCTYPE html PUBLIC "-//W3C//DTD XHTML 1.0 Transitional//EN"
    "http://www.w3.org/TR/xhtml1/DTD/xhtml1-transitional.dtd">
<html xmlns="http://www.w3.org/1999/xhtml" xml:lang="en" lang="en">
 <head>
  <title>
</title>
<meta http-equiv="Content-Type" content="text/html;charset=utf-8" />
  <meta name='ocr-system' content='tesseract 3.04.00' />
  <meta name='ocr-capabilities' content='ocr_page ocr_carea ocr_par ocr_line ocrx_word'/>
</head>
<body>
  <div class='ocr_page' id='page_1' title='image "./virgilsaeneidboo00virgrich_0131.png"; bbox 0 0 2148 3204; ppageno 0'>
   <div class='ocr_carea' id='block_1_1' title="bbox 702 120 1278 161">
    <p class='ocr_par' dir='ltr' id='par_1_1' title="bbox 702 120 1278 161">
     <span class='ocr_line' id='line_1_1' title="bbox 702 120 1278 161; baseline -0.01 0"><span class='ocrx_word' id='word_1_1' title='bbox 702 122 1007 161; x_wconf 84' lang='lat' dir='ltr'>AENEIDOS</span> <span class='ocrx_word' id='word_1_2' title='bbox 1047 121 1165 158; x_wconf 86' lang='lat' dir='ltr'><strong>LIB.</strong></span> <span class='ocrx_word' id='word_1_3' title='bbox 1211 120 1278 156; x_wconf 83' lang='grc' dir='ltr'>ΙΙ.</span> 
     </span>
    </p>
   </div>
   <div class='ocr_carea' id='block_1_2' title="bbox 74 261 1599 2678">
    <p class='ocr_par' dir='ltr' id='par_1_2' title="bbox 120 261 1583 582">
     <span class='ocr_line' id='line_1_2' title="bbox 120 261 1515 330; baseline -0.011 -13"><span class='ocrx_word' id='word_1_4' title='bbox 120 269 171 317; x_wconf 88' lang='lat' dir='ltr'>N</span> <span class='ocrx_word' id='word_1_5' title='bbox 176 284 239 316; x_wconf 91' lang='lat' dir='ltr'>on</span> <span class='ocrx_word' id='word_1_6' title='bbox 265 266 407 330; x_wconf 87' lang='lat' dir='ltr'>prius</span> <span class='ocrx_word' id='word_1_7' title='bbox 433 263 668 327; x_wconf 79' lang='lat' dir='ltr'>aspicies,</span> <span class='ocrx_word' id='word_1_8' title='bbox 699 262 788 309; x_wconf 88' lang='lat' dir='ltr'>ubi</span> <span class='ocrx_word' id='word_1_9' title='bbox 818 262 1015 309; x_wconf 81' lang='lat' dir='ltr'>fessum</span> <span class='ocrx_word' id='word_1_10' title='bbox 1049 262 1216 306; x_wconf 87' lang='lat' dir='ltr'>aetate</span> <span class='ocrx_word' id='word_1_11' title='bbox 1249 261 1515 320; x_wconf 84' lang='lat' dir='ltr'>parentem</span> 
     </span>
     <span class='ocr_line' id='line_1_3' title="bbox 120 344 1454 418; baseline -0.01 -15"><span class='ocrx_word' id='word_1_12' title='bbox 120 354 336 418; x_wconf 87' lang='lat' dir='ltr'>liqueris</span> <span class='ocrx_word' id='word_1_13' title='bbox 366 352 648 410; x_wconf 79' lang='lat' dir='ltr'>Anchisen,</span> <span class='ocrx_word' id='word_1_14' title='bbox 686 352 893 412; x_wconf 87' lang='lat' dir='ltr'>superet</span> <span class='ocrx_word' id='word_1_15' title='bbox 930 346 1221 394; x_wconf 71' lang='lat' dir='ltr'>coniunxne</span> <span class='ocrx_word' id='word_1_16' title='bbox 1249 344 1454 402; x_wconf 86' lang='lat' dir='ltr'>Creusa,</span> 
     </span>
     <span class='ocr_line' id='line_1_4' title="bbox 121 427 1583 501; baseline -0.01 -11"><span class='ocrx_word' id='word_1_17' title='bbox 121 440 481 501; x_wconf 79' lang='lat' dir='ltr'>Ascaniusque</span> <span class='ocrx_word' id='word_1_18' title='bbox 507 453 634 501; x_wconf 90' lang='lat' dir='ltr'>puer</span> <span class='ocrx_word' id='word_1_19' title='bbox 655 439 679 484; x_wconf 72' lang='grc' dir='ltr'>ἶ)</span> <span class='ocrx_word' id='word_1_20' title='bbox 751 436 887 492; x_wconf 77' lang='lat' dir='ltr'>Quos</span> <span class='ocrx_word' id='word_1_21' title='bbox 922 432 1089 481; x_wconf 88' lang='lat' dir='ltr'>omnis</span> <span class='ocrx_word' id='word_1_22' title='bbox 1125 431 1357 492; x_wconf 85' lang='lat' dir='ltr'>undique</span> <span class='ocrx_word' id='word_1_23' title='bbox 1393 427 1583 477; x_wconf 81' lang='lat' dir='ltr'>Graiae</span> 
     </span>
     <span class='ocr_line' id='line_1_5' title="bbox 122 518 1425 582; baseline -0.01 -6"><span class='ocrx_word' id='word_1_24' title='bbox 122 529 315 577; x_wconf 86' lang='lat' dir='ltr'>circum</span> <span class='ocrx_word' id='word_1_25' title='bbox 345 531 519 574; x_wconf 86' lang='lat' dir='ltr'>errant</span> <span class='ocrx_word' id='word_1_26' title='bbox 552 524 687 572; x_wconf 89' lang='lat' dir='ltr'>acies</span> <span class='ocrx_word' id='word_1_27' title='bbox 719 528 785 582; x_wconf 89' lang='lat' dir='ltr'>et,</span> <span class='ocrx_word' id='word_1_28' title='bbox 816 521 871 568; x_wconf 88' lang='lat' dir='ltr'>ni</span> <span class='ocrx_word' id='word_1_29' title='bbox 901 536 1014 568; x_wconf 91' lang='lat' dir='ltr'>mea</span> <span class='ocrx_word' id='word_1_30' title='bbox 1046 534 1169 567; x_wconf 86' lang='lat' dir='ltr'>cura</span> <span class='ocrx_word' id='word_1_31' title='bbox 1201 518 1425 576; x_wconf 83' lang='lat' dir='ltr'>resistat,</span> 
     </span>
    </p>

    <p class='ocr_par' dir='ltr' id='par_1_3' title="bbox 121 602 1544 852">
     <span class='ocr_line' id='line_1_6' title="bbox 121 602 1544 664; baseline -0.01 -1"><span class='ocrx_word' id='word_1_32' title='bbox 121 617 223 664; x_wconf 85' lang='lat' dir='ltr'>iam</span> <span class='ocrx_word' id='word_1_33' title='bbox 257 614 494 662; x_wconf 87' lang='lat' dir='ltr'>flammae</span> <span class='ocrx_word' id='word_1_34' title='bbox 527 611 747 659; x_wconf 88' lang='lat' dir='ltr'>tulerint</span> <span class='ocrx_word' id='word_1_35' title='bbox 780 608 1021 656; x_wconf 87' lang='lat' dir='ltr'>inimicus</span> <span class='ocrx_word' id='word_1_36' title='bbox 1052 612 1104 654; x_wconf 88' lang='lat' dir='ltr'>et</span> <span class='ocrx_word' id='word_1_37' title='bbox 1132 603 1364 653; x_wconf 87' lang='lat' dir='ltr'>hauserit</span> <span class='ocrx_word' id='word_1_38' title='bbox 1389 602 1544 651; x_wconf 90' lang='lat' dir='ltr'>ensis.</span> 
     </span>
     <span class='ocr_line' id='line_1_7' title="bbox 121 694 1395 762; baseline -0.01 -11"><span class='ocrx_word' id='word_1_39' title='bbox 121 705 244 752; x_wconf 83' lang='lat' dir='ltr'>Non</span> <span class='ocrx_word' id='word_1_40' title='bbox 275 701 375 749; x_wconf 90' lang='lat' dir='ltr'>tibi</span> <span class='ocrx_word' id='word_1_41' title='bbox 401 697 718 762; x_wconf 84' lang='lat' dir='ltr'>Tyndaridis</span> <span class='ocrx_word' id='word_1_42' title='bbox 745 696 906 744; x_wconf 77' lang='lat' dir='ltr'>facies</span> <span class='ocrx_word' id='word_1_43' title='bbox 933 695 1105 742; x_wconf 83' lang='lat' dir='ltr'>invisa</span> <span class='ocrx_word' id='word_1_44' title='bbox 1129 694 1395 741; x_wconf 88' lang='lat' dir='ltr'>Lacaenae</span> 
     </span>
     <span class='ocr_line' id='line_1_8' title="bbox 123 779 1441 852; baseline -0.01 -14"><span class='ocrx_word' id='word_1_45' title='bbox 123 790 426 852; x_wconf 74' lang='lat' dir='ltr'>culpatusve</span> <span class='ocrx_word' id='word_1_46' title='bbox 451 787 626 846; x_wconf 85' lang='lat' dir='ltr'>Paris;</span> <span class='ocrx_word' id='word_1_47' title='bbox 667 785 842 831; x_wconf 82' lang='lat' dir='ltr'>divum</span> <span class='ocrx_word' id='word_1_48' title='bbox 871 781 1219 840; x_wconf 88' lang='lat' dir='ltr'>inclementia,</span> <span class='ocrx_word' id='word_1_49' title='bbox 1247 779 1441 839; x_wconf 84' lang='lat' dir='ltr'>divum,</span> 
     </span>
    </p>

    <p class='ocr_par' dir='ltr' id='par_1_4' title="bbox 123 866 1599 1200">
     <span class='ocr_line' id='line_1_9' title="bbox 123 866 1444 936; baseline -0.009 -11"><span class='ocrx_word' id='word_1_50' title='bbox 123 878 218 925; x_wconf 86' lang='lat' dir='ltr'>has</span> <span class='ocrx_word' id='word_1_51' title='bbox 244 875 430 924; x_wconf 82' lang='lat' dir='ltr'>evertit</span> <span class='ocrx_word' id='word_1_52' title='bbox 457 889 578 936; x_wconf 91' lang='lat' dir='ltr'>opes</span> <span class='ocrx_word' id='word_1_53' title='bbox 605 872 892 934; x_wconf 74' lang='lat' dir='ltr'>sternitque</span> <span class='ocrx_word' id='word_1_54' title='bbox 918 886 948 918; x_wconf 92' lang='lat' dir='ltr'>a</span> <span class='ocrx_word' id='word_1_55' title='bbox 972 869 1196 917; x_wconf 86' lang='lat' dir='ltr'>culmine</span> <span class='ocrx_word' id='word_1_56' title='bbox 1224 866 1444 915; x_wconf 83' lang='lat' dir='ltr'>Troiam.</span> 
     </span>
     <span class='ocr_line' id='line_1_10' title="bbox 125 950 1599 1027; baseline -0.009 -14"><span class='ocrx_word' id='word_1_57' title='bbox 125 964 314 1027; x_wconf 85' lang='lat' dir='ltr'>Aspice</span> <span class='ocrx_word' id='word_1_58' title='bbox 343 961 586 1026; x_wconf 87' lang='lat' dir='ltr'>(namque</span> <span class='ocrx_word' id='word_1_59' title='bbox 612 975 829 1018; x_wconf 88' lang='lat' dir='ltr'>omnem,</span> <span class='ocrx_word' id='word_1_60' title='bbox 858 973 988 1020; x_wconf 90' lang='lat' dir='ltr'>quae</span> <span class='ocrx_word' id='word_1_61' title='bbox 1012 972 1149 1004; x_wconf 90' lang='lat' dir='ltr'>nunc</span> <span class='ocrx_word' id='word_1_62' title='bbox 1176 955 1399 1003; x_wconf 83' lang='lat' dir='ltr'>obducta</span> <span class='ocrx_word' id='word_1_63' title='bbox 1427 950 1599 1001; x_wconf 90' lang='lat' dir='ltr'>tuenti</span> 
     </span>
     <span class='ocr_line' id='line_1_11' title="bbox 127 1042 1384 1109; baseline -0.01 -10"><span class='ocrx_word' id='word_1_64' title='bbox 127 1050 359 1099; x_wconf 90' lang='lat' dir='ltr'>mortalis</span> <span class='ocrx_word' id='word_1_65' title='bbox 385 1049 596 1109; x_wconf 85' lang='lat' dir='ltr'>hebetat</span> <span class='ocrx_word' id='word_1_66' title='bbox 621 1047 765 1095; x_wconf 88' lang='lat' dir='ltr'>visus</span> <span class='ocrx_word' id='word_1_67' title='bbox 790 1045 888 1094; x_wconf 85' lang='lat' dir='ltr'>tibi</span> <span class='ocrx_word' id='word_1_68' title='bbox 914 1050 965 1092; x_wconf 94' lang='lat' dir='ltr'>et</span> <span class='ocrx_word' id='word_1_69' title='bbox 990 1044 1168 1092; x_wconf 89' lang='lat' dir='ltr'>umida</span> <span class='ocrx_word' id='word_1_70' title='bbox 1193 1042 1384 1089; x_wconf 86' lang='lat' dir='ltr'>circum</span> 
     </span>
     <span class='ocr_line' id='line_1_12' title="bbox 126 1128 1385 1200; baseline -0.008 -13"><span class='ocrx_word' id='word_1_71' title='bbox 126 1139 330 1200; x_wconf 84' lang='lat' dir='ltr'>caligat,</span> <span class='ocrx_word' id='word_1_72' title='bbox 356 1137 543 1184; x_wconf 90' lang='lat' dir='ltr'>nubem</span> <span class='ocrx_word' id='word_1_73' title='bbox 571 1134 818 1197; x_wconf 89' lang='lat' dir='ltr'>eripiam;</span> <span class='ocrx_word' id='word_1_74' title='bbox 856 1138 917 1181; x_wconf 90' lang='lat' dir='ltr'>tu</span> <span class='ocrx_word' id='word_1_75' title='bbox 936 1148 999 1179; x_wconf 91' lang='lat' dir='ltr'>ne</span> <span class='ocrx_word' id='word_1_76' title='bbox 1026 1147 1128 1194; x_wconf 89' lang='lat' dir='ltr'>qua</span> <span class='ocrx_word' id='word_1_77' title='bbox 1152 1128 1385 1193; x_wconf 89' lang='lat' dir='ltr'>parentis</span> 
     </span>
    </p>

    <p class='ocr_par' dir='ltr' id='par_1_5' title="bbox 126 1219 1326 1285">
     <span class='ocr_line' id='line_1_13' title="bbox 126 1219 1326 1285; baseline -0.008 -11"><span class='ocrx_word' id='word_1_78' title='bbox 126 1226 269 1274; x_wconf 89' lang='lat' dir='ltr'>iussa</span> <span class='ocrx_word' id='word_1_79' title='bbox 293 1225 419 1273; x_wconf 89' lang='lat' dir='ltr'>time</span> <span class='ocrx_word' id='word_1_80' title='bbox 443 1239 545 1271; x_wconf 92' lang='lat' dir='ltr'>neu</span> <span class='ocrx_word' id='word_1_81' title='bbox 570 1221 860 1285; x_wconf 85' lang='lat' dir='ltr'>praeceptis</span> <span class='ocrx_word' id='word_1_82' title='bbox 885 1235 1063 1283; x_wconf 86' lang='lat' dir='ltr'>parere</span> <span class='ocrx_word' id='word_1_83' title='bbox 1090 1219 1291 1282; x_wconf 87' lang='lat' dir='ltr'>recusa)</span> <span class='ocrx_word' id='word_1_84' title='bbox 1315 1235 1326 1265; x_wconf 78' lang='lat'>2</span> 
     </span>
    </p>

    <p class='ocr_par' dir='ltr' id='par_1_6' title="bbox 126 1305 1279 1374">
     <span class='ocr_line' id='line_1_14' title="bbox 126 1305 1279 1374; baseline -0.007 -13"><span class='ocrx_word' id='word_1_85' title='bbox 126 1314 228 1374; x_wconf 88' lang='lat' dir='ltr'>hic,</span> <span class='ocrx_word' id='word_1_86' title='bbox 257 1312 347 1360; x_wconf 90' lang='lat' dir='ltr'>ubi</span> <span class='ocrx_word' id='word_1_87' title='bbox 373 1311 616 1359; x_wconf 84' lang='lat' dir='ltr'>disiectas</span> <span class='ocrx_word' id='word_1_88' title='bbox 649 1309 808 1357; x_wconf 89' lang='lat' dir='ltr'>moles</span> <span class='ocrx_word' id='word_1_89' title='bbox 835 1308 1113 1369; x_wconf 74' lang='lat' dir='ltr'>avolsaque</span> <span class='ocrx_word' id='word_1_90' title='bbox 1140 1305 1279 1354; x_wconf 80' lang='lat' dir='ltr'>saxis</span> 
     </span>
    </p>

    <p class='ocr_par' dir='ltr' id='par_1_7' title="bbox 127 1373 1531 1550">
     <span class='ocr_line' id='line_1_15' title="bbox 129 1373 1531 1460; baseline -0.009 -10"><span class='ocrx_word' id='word_1_91' title='bbox 129 1416 255 1450; x_wconf 76' lang='lat' dir='ltr'>saxa</span> <span class='ocrx_word' id='word_1_92' title='bbox 278 1399 424 1447; x_wconf 88' lang='lat' dir='ltr'>Vides</span> <span class='ocrx_word' id='word_1_93' title='bbox 450 1397 728 1460; x_wconf 82' lang='lat' dir='ltr'>mixtoque·</span> <span class='ocrx_word' id='word_1_94' title='bbox 745 1396 1023 1443; x_wconf 88' lang='lat' dir='ltr'>undantem</span> <span class='ocrx_word' id='word_1_95' title='bbox 1053 1393 1266 1456; x_wconf 85' lang='lat' dir='ltr'>pulvere</span> <span class='ocrx_word' id='word_1_96' title='bbox 1292 1373 1531 1451; x_wconf 28' lang='lat' dir='ltr'>fumum,-</span> 
     </span>
     <span class='ocr_line' id='line_1_16' title="bbox 127 1479 1370 1550; baseline -0.01 -13"><span class='ocrx_word' id='word_1_97' title='bbox 127 1490 409 1550; x_wconf 84' lang='lat' dir='ltr'>Neptunus</span> <span class='ocrx_word' id='word_1_98' title='bbox 434 1501 607 1533; x_wconf 90' lang='lat' dir='ltr'>muros</span> <span class='ocrx_word' id='word_1_99' title='bbox 634 1498 923 1545; x_wconf 88' lang='lat' dir='ltr'>magnoque</span> <span class='ocrx_word' id='word_1_100' title='bbox 951 1487 1121 1529; x_wconf 87' lang='lat' dir='ltr'>emota</span> <span class='ocrx_word' id='word_1_101' title='bbox 1145 1479 1370 1527; x_wconf 81' lang='lat' dir='ltr'>tridenti</span> 
     </span>
    </p>

    <p class='ocr_par' dir='ltr' id='par_1_8' title="bbox 74 1566 1456 1717">
     <span class='ocr_line' id='line_1_17' title="bbox 74 1566 1456 1635; baseline -0.008 -12"><span class='ocrx_word' id='word_1_102' title='bbox 74 1592 77 1595; x_wconf 87' lang='lat'>·</span> <span class='ocrx_word' id='word_1_103' title='bbox 129 1576 474 1623; x_wconf 85' lang='lat' dir='ltr'>fundamenta</span> <span class='ocrx_word' id='word_1_104' title='bbox 498 1571 670 1635; x_wconf 89' lang='lat' dir='ltr'>quatit</span> <span class='ocrx_word' id='word_1_105' title='bbox 693 1576 959 1631; x_wconf 87' lang='lat' dir='ltr'>totamque</span> <span class='ocrx_word' id='word_1_106' title='bbox 986 1585 1017 1616; x_wconf 92' lang='lat' dir='ltr'>a</span> <span class='ocrx_word' id='word_1_107' title='bbox 1044 1568 1252 1616; x_wconf 89' lang='lat' dir='ltr'>sedibus</span> <span class='ocrx_word' id='word_1_108' title='bbox 1279 1566 1456 1613; x_wconf 87' lang='lat' dir='ltr'>urbem</span> 
     </span>
     <span class='ocr_line' id='line_1_18' title="bbox 130 1655 1358 1717; baseline -0.008 -7"><span class='ocrx_word' id='word_1_109' title='bbox 130 1662 283 1710; x_wconf 85' lang='lat' dir='ltr'>eruit.</span> <span class='ocrx_word' id='word_1_110' title='bbox 358 1661 463 1707; x_wconf 87' lang='lat' dir='ltr'>Hic</span> <span class='ocrx_word' id='word_1_111' title='bbox 488 1660 622 1706; x_wconf 84' lang='lat' dir='ltr'>Iuno</span> <span class='ocrx_word' id='word_1_112' title='bbox 649 1659 831 1706; x_wconf 82' lang='lat' dir='ltr'>Scaeas</span> <span class='ocrx_word' id='word_1_113' title='bbox 858 1655 1160 1704; x_wconf 83' lang='lat' dir='ltr'>saevissima</span> <span class='ocrx_word' id='word_1_114' title='bbox 1183 1658 1358 1717; x_wconf 85' lang='lat' dir='ltr'>portas</span> 
     </span>
    </p>

    <p class='ocr_par' dir='ltr' id='par_1_9' title="bbox 130 1742 1513 1885">
     <span class='ocr_line' id='line_1_19' title="bbox 130 1742 1513 1813; baseline -0.009 -16"><span class='ocrx_word' id='word_1_115' title='bbox 130 1749 301 1813; x_wconf 88' lang='lat' dir='ltr'>prima</span> <span class='ocrx_word' id='word_1_116' title='bbox 324 1751 469 1796; x_wconf 90' lang='lat' dir='ltr'>tenet</span> <span class='ocrx_word' id='word_1_117' title='bbox 500 1745 798 1807; x_wconf 92' lang='lat' dir='ltr'>sociumque</span> <span class='ocrx_word' id='word_1_118' title='bbox 823 1744 1004 1791; x_wconf 86' lang='lat' dir='ltr'>furens</span> <span class='ocrx_word' id='word_1_119' title='bbox 1030 1758 1060 1790; x_wconf 91' lang='lat' dir='ltr'>a</span> <span class='ocrx_word' id='word_1_120' title='bbox 1084 1742 1304 1789; x_wconf 85' lang='lat' dir='ltr'>navibus</span> <span class='ocrx_word' id='word_1_121' title='bbox 1331 1754 1513 1801; x_wconf 83' lang='lat' dir='ltr'>agmen</span> 
     </span>
     <span class='ocr_line' id='line_1_20' title="bbox 131 1834 717 1885; baseline -0.007 -1"><span class='ocrx_word' id='word_1_122' title='bbox 131 1838 271 1885; x_wconf 81' lang='lat' dir='ltr'>ferro</span> <span class='ocrx_word' id='word_1_123' title='bbox 296 1834 526 1883; x_wconf 87' lang='lat' dir='ltr'>accincta</span> <span class='ocrx_word' id='word_1_124' title='bbox 554 1838 717 1881; x_wconf 84' lang='lat' dir='ltr'>vocat.</span> 
     </span>
    </p>

    <p class='ocr_par' dir='ltr' id='par_1_10' title="bbox 132 1914 1391 2070">
     <span class='ocr_line' id='line_1_21' title="bbox 132 1914 1391 1980; baseline -0.006 -9"><span class='ocrx_word' id='word_1_125' title='bbox 132 1925 247 1972; x_wconf 89' lang='lat' dir='ltr'>Iam</span> <span class='ocrx_word' id='word_1_126' title='bbox 273 1915 499 1971; x_wconf 87' lang='lat' dir='ltr'>summas</span> <span class='ocrx_word' id='word_1_127' title='bbox 525 1936 667 1970; x_wconf 88' lang='lat' dir='ltr'>arces</span> <span class='ocrx_word' id='word_1_128' title='bbox 694 1919 946 1979; x_wconf 86' lang='lat' dir='ltr'>Tritonia,</span> <span class='ocrx_word' id='word_1_129' title='bbox 971 1916 1186 1980; x_wconf 89' lang='lat' dir='ltr'>respice,</span> <span class='ocrx_word' id='word_1_130' title='bbox 1212 1914 1391 1963; x_wconf 88' lang='lat' dir='ltr'>Pallas</span> 
     </span>
     <span class='ocr_line' id='line_1_22' title="bbox 133 2006 1361 2070; baseline -0.007 -12"><span class='ocrx_word' id='word_1_131' title='bbox 133 2010 342 2070; x_wconf 86' lang='lat' dir='ltr'>insedit,</span> <span class='ocrx_word' id='word_1_132' title='bbox 368 2008 545 2056; x_wconf 89' lang='lat' dir='ltr'>nimbo</span> <span class='ocrx_word' id='word_1_133' title='bbox 570 2007 823 2068; x_wconf 80' lang='lat' dir='ltr'>effulgens</span> <span class='ocrx_word' id='word_1_134' title='bbox 851 2010 902 2054; x_wconf 92' lang='lat' dir='ltr'>et</span> <span class='ocrx_word' id='word_1_135' title='bbox 928 2006 1167 2066; x_wconf 82' lang='lat' dir='ltr'>Gorgone</span> <span class='ocrx_word' id='word_1_136' title='bbox 1195 2018 1361 2050; x_wconf 84' lang='lat' dir='ltr'>saeva.</span> 
     </span>
    </p>

    <p class='ocr_par' dir='ltr' id='par_1_11' title="bbox 135 2090 1582 2678">
     <span class='ocr_line' id='line_1_23' title="bbox 135 2090 1407 2161; baseline -0.007 -16"><span class='ocrx_word' id='word_1_137' title='bbox 135 2099 256 2161; x_wconf 88' lang='lat' dir='ltr'>Ipse</span> <span class='ocrx_word' id='word_1_138' title='bbox 281 2101 429 2159; x_wconf 90' lang='lat' dir='ltr'>pater</span> <span class='ocrx_word' id='word_1_139' title='bbox 454 2095 650 2143; x_wconf 87' lang='lat' dir='ltr'>Danais</span> <span class='ocrx_word' id='word_1_140' title='bbox 676 2093 875 2142; x_wconf 88' lang='lat' dir='ltr'>animos</span> <span class='ocrx_word' id='word_1_141' title='bbox 901 2092 1131 2154; x_wconf 87' lang='lat' dir='ltr'>virisque</span> <span class='ocrx_word' id='word_1_142' title='bbox 1158 2090 1407 2139; x_wconf 85' lang='lat' dir='ltr'>secundas</span> 
     </span>
     <span class='ocr_line' id='line_1_24' title="bbox 138 2178 1404 2246; baseline -0.007 -14"><span class='ocrx_word' id='word_1_143' title='bbox 138 2184 340 2244; x_wconf 89' lang='lat' dir='ltr'>sufficit,</span> <span class='ocrx_word' id='word_1_144' title='bbox 367 2183 481 2246; x_wconf 90' lang='lat' dir='ltr'>ipse</span> <span class='ocrx_word' id='word_1_145' title='bbox 505 2183 627 2230; x_wconf 89' lang='lat' dir='ltr'>deos</span> <span class='ocrx_word' id='word_1_146' title='bbox 654 2181 709 2228; x_wconf 92' lang='lat' dir='ltr'>in</span> <span class='ocrx_word' id='word_1_147' title='bbox 733 2181 980 2228; x_wconf 86' lang='lat' dir='ltr'>Dardana</span> <span class='ocrx_word' id='word_1_148' title='bbox 1006 2178 1224 2227; x_wconf 91' lang='lat' dir='ltr'>suscitat</span> <span class='ocrx_word' id='word_1_149' title='bbox 1250 2191 1404 2224; x_wconf 87' lang='lat' dir='ltr'>arma.</span> 
     </span>
     <span class='ocr_line' id='line_1_25' title="bbox 137 2263 1407 2334; baseline -0.007 -15"><span class='ocrx_word' id='word_1_150' title='bbox 137 2271 310 2334; x_wconf 88' lang='lat' dir='ltr'>Eripe,</span> <span class='ocrx_word' id='word_1_151' title='bbox 347 2275 484 2330; x_wconf 92' lang='lat' dir='ltr'>nate,</span> <span class='ocrx_word' id='word_1_152' title='bbox 510 2269 688 2329; x_wconf 80' lang='lat' dir='ltr'>fugam</span> <span class='ocrx_word' id='word_1_153' title='bbox 713 2267 973 2329; x_wconf 88' lang='lat' dir='ltr'>finemque</span> <span class='ocrx_word' id='word_1_154' title='bbox 996 2266 1203 2328; x_wconf 90' lang='lat' dir='ltr'>impone</span> <span class='ocrx_word' id='word_1_155' title='bbox 1229 2263 1407 2311; x_wconf 86' lang='lat' dir='ltr'>labori.</span> 
     </span>
     <span class='ocr_line' id='line_1_26' title="bbox 138 2347 1582 2420; baseline -0.007 -14"><span class='ocrx_word' id='word_1_156' title='bbox 138 2360 414 2420; x_wconf 87' lang='lat' dir='ltr'>Nusquam</span> <span class='ocrx_word' id='word_1_157' title='bbox 439 2357 590 2404; x_wconf 89' lang='lat' dir='ltr'>abero</span> <span class='ocrx_word' id='word_1_158' title='bbox 615 2360 667 2402; x_wconf 94' lang='lat' dir='ltr'>et</span> <span class='ocrx_word' id='word_1_159' title='bbox 690 2359 864 2402; x_wconf 89' lang='lat' dir='ltr'>tutum</span> <span class='ocrx_word' id='word_1_160' title='bbox 888 2352 1059 2416; x_wconf 88' lang='lat' dir='ltr'>patrio</span> <span class='ocrx_word' id='word_1_161' title='bbox 1082 2357 1134 2400; x_wconf 90' lang='lat' dir='ltr'>te</span> <span class='ocrx_word' id='word_1_162' title='bbox 1159 2351 1340 2398; x_wconf 83' lang='lat' dir='ltr'>limine</span> <span class='ocrx_word' id='word_1_163' title='bbox 1367 2347 1582 2398; x_wconf 86' lang='lat' dir='ltr'>sistam.&#39;</span> 
     </span>
     <span class='ocr_line' id='line_1_27' title="bbox 140 2436 1420 2505; baseline -0.006 -13"><span class='ocrx_word' id='word_1_164' title='bbox 140 2445 363 2492; x_wconf 83' lang='lat' dir='ltr'>Dixerat</span> <span class='ocrx_word' id='word_1_165' title='bbox 387 2447 440 2490; x_wconf 92' lang='lat' dir='ltr'>et</span> <span class='ocrx_word' id='word_1_166' title='bbox 465 2441 646 2505; x_wconf 88' lang='lat' dir='ltr'>spissis</span> <span class='ocrx_word' id='word_1_167' title='bbox 675 2440 844 2488; x_wconf 88' lang='lat' dir='ltr'>noctis</span> <span class='ocrx_word' id='word_1_168' title='bbox 871 2455 924 2488; x_wconf 93' lang='lat' dir='ltr'>se</span> <span class='ocrx_word' id='word_1_169' title='bbox 948 2438 1184 2486; x_wconf 85' lang='lat' dir='ltr'>condidit</span> <span class='ocrx_word' id='word_1_170' title='bbox 1207 2436 1420 2484; x_wconf 86' lang='lat' dir='ltr'>umbris.</span> 
     </span>
     <span class='ocr_line' id='line_1_28' title="bbox 143 2523 1478 2594; baseline -0.01 -15"><span class='ocrx_word' id='word_1_171' title='bbox 143 2531 413 2594; x_wconf 89' lang='lat' dir='ltr'>Apparent</span> <span class='ocrx_word' id='word_1_172' title='bbox 438 2529 579 2577; x_wconf 90' lang='lat' dir='ltr'>dirae</span> <span class='ocrx_word' id='word_1_173' title='bbox 605 2528 769 2576; x_wconf 85' lang='lat' dir='ltr'>facies</span> <span class='ocrx_word' id='word_1_174' title='bbox 793 2526 1109 2588; x_wconf 89' lang='lat' dir='ltr'>inimicaque</span> <span class='ocrx_word' id='word_1_175' title='bbox 1135 2523 1320 2571; x_wconf 87' lang='lat' dir='ltr'>Troiae</span> <span class='ocrx_word' id='word_1_176' title='bbox 1443 2550 1478 2565; x_wconf 78' lang='lat'>.-</span> 
     </span>
     <span class='ocr_line' id='line_1_29' title="bbox 143 2615 760 2678; baseline -0.006 -13"><span class='ocrx_word' id='word_1_177' title='bbox 143 2616 358 2665; x_wconf 89' lang='lat' dir='ltr'>numina</span> <span class='ocrx_word' id='word_1_178' title='bbox 381 2630 569 2678; x_wconf 84' lang='lat' dir='ltr'>magna</span> <span class='ocrx_word' id='word_1_179' title='bbox 592 2615 760 2662; x_wconf 87' lang='lat' dir='ltr'>deum.</span> 
     </span>
    </p>
   </div>
   <div class='ocr_carea' id='block_1_3' title="bbox 1798 101 1866 152">
    <p class='ocr_par' dir='ltr' id='par_1_12' title="bbox 1798 101 1866 152">
     <span class='ocr_line' id='line_1_30' title="bbox 1798 101 1866 152; baseline 0 0"><span class='ocrx_word' id='word_1_180' title='bbox 1798 101 1866 152; x_wconf 84' lang='lat'>53</span> 
     </span>
    </p>
   </div>
   <div class='ocr_carea' id='block_1_4' title="bbox 1805 610 1877 647">
    <p class='ocr_par' dir='ltr' id='par_1_13' title="bbox 1805 610 1877 647">
     <span class='ocr_line' id='line_1_31' title="bbox 1805 610 1877 647; baseline -0.014 0"><span class='ocrx_word' id='word_1_181' title='bbox 1805 610 1877 647; x_wconf 91' lang='grc'>600</span> 
     </span>
    </p>
   </div>
   <div class='ocr_carea' id='block_1_5' title="bbox 1812 1047 1885 1084">
    <p class='ocr_par' dir='ltr' id='par_1_14' title="bbox 1812 1047 1885 1084">
     <span class='ocr_line' id='line_1_32' title="bbox 1812 1047 1885 1084; baseline -0.027 0"><span class='ocrx_word' id='word_1_182' title='bbox 1812 1047 1885 1084; x_wconf 87' lang='grc'>605</span> 
     </span>
    </p>
   </div>
   <div class='ocr_carea' id='block_1_6' title="bbox 1817 1484 1888 1521">
    <p class='ocr_par' dir='ltr' id='par_1_15' title="bbox 1817 1484 1888 1521">
     <span class='ocr_line' id='line_1_33' title="bbox 1817 1484 1888 1521; baseline -0.014 0"><span class='ocrx_word' id='word_1_183' title='bbox 1817 1484 1888 1521; x_wconf 83' lang='grc'>610</span> 
     </span>
    </p>
   </div>
   <div class='ocr_carea' id='block_1_7' title="bbox 1818 1920 1891 1959">
    <p class='ocr_par' dir='ltr' id='par_1_16' title="bbox 1818 1920 1891 1959">
     <span class='ocr_line' id='line_1_34' title="bbox 1818 1920 1891 1959; baseline -0.055 0"><span class='ocrx_word' id='word_1_184' title='bbox 1818 1920 1891 1959; x_wconf 90' lang='grc'>615</span> 
     </span>
    </p>
   </div>
   <div class='ocr_carea' id='block_1_8' title="bbox 1821 2356 1889 2393">
    <p class='ocr_par' dir='ltr' id='par_1_17' title="bbox 1821 2356 1889 2393">
     <span class='ocr_line' id='line_1_35' title="bbox 1821 2356 1889 2393; baseline -0.015 0"><span class='ocrx_word' id='word_1_185' title='bbox 1821 2356 1889 2393; x_wconf 77' lang='lat'>620</span> 
     </span>
    </p>
   </div>
  </div>
 </body>
</html>
