2148 3204
220 173 324 225 142
755 186 809 224 P.
854 186 1113 224 VERGILI
1151 185 1434 223 MARoms

219 380 450 429 Anchises,
475 382 524 420 in
547 392 574 420 α
594 381 758 427 dream,
786 380 882 420 bz‘ds
902 379 1077 420 Aeneas
1097 381 1197 419 seez:
1220 381 1290 420 the
1315 379 1453 430 Siby'c.

287 480 501 528 Talibus
527 480 769 528 incensus
797 479 951 527 dictis
974 478 1191 526 senioris
1219 478 1371 527 amici

218 571 329 615 tum
359 582 477 614 vero
501 567 556 613 in
582 582 732 614 curas
758 566 931 614 animo
958 565 1222 613 diducitur
1247 565 1428 614 omnis.
1900 577 1970 615 720

218 656 288 702 Et
312 655 431 702 Nox
458 659 573 701 atra
597 653 773 716 polum
797 653 931 715 bigis
959 654 1205 702 subvecta
1229 653 1465 702 tenebat:

219 742 331 790 visa
356 741 544 789 dehinc
569 741 711 788 caelo
737 740 899 788 facies
926 740 1138 803 delapsa
1162 740 1393 803 parentis

221 829 480 877 Anchisae
509 828 682 877 subito
707 828 829 876 talis
857 828 1122 875 effundere
1148 844 1326 876 voces:

221 918 404 977 ‘Nate,
432 916 561 963 mihi
587 916 695 963 vita
722 916 997 977 quondam,
1026 916 1146 962 dum
1170 916 1278 963 vita
1304 917 1559 978 manebat,

220 1019 332 1051 care
358 1003 539 1064 inagis,
566 1009 685 1050 nate
713 1002 890 1050 Iliacis
918 1003 1142 1050 exercite
1166 1004 1308 1064 fatis,
1901 1015 1973 1052 ⁴525

218 1091 436 1154 imperio
462 1090 603 1138 Iovis
632 1091 731 1138 huc
757 1090 925 1149 venio,
955 1090 1043 1152 qui
1070 1090 1320 1139 classibus
1347 1091 1520 1153 ignem

218 1178 419 1240 depulit
445 1182 497 1225 et
521 1177 662 1225 caelo
690 1178 900 1224 tandem
929 1177 1203 1225 miseratus
1230 1178 1294 1226 ab
1318 1179 1423 1226 alto
1449 1186 1544 1242 est.

153 1325 156 1334 ἱ
219 1265 462 1314 Consiliis
489 1280 625 1328 pare,
653 1280 783 1327 quae
809 1280 947 1312 nunc
973 1265 1323 1327 pulcherrima
1346 1267 1549 1314 Nautes

217 1353 307 1401 dit
333 1352 527 1413 senior3
567 1352 728 1399 lectos
756 1352 985 1412 iuvenes,
1014 1353 1303 1401 fortissima
1327 1354 1494 1413 corda,

217 1440 362 1487 defer
388 1440 442 1486 in
468 1439 692 1486 Italiam.
767 1440 907 1487 Gens
935 1440 1063 1487 dura
1087 1445 1242 1502 atque
1267 1456 1450 1502 aspera
1473 1441 1618 1489 cultu
1904 1453 1976 1490 730

218 1527 524 1574 debellanda
548 1527 645 1575 tibi
671 1527 823 1574 Latio
850 1532 942 1575 est.
1016 1527 1157 1574 Ditis
1183 1532 1357 1575 tamen
1384 1534 1502 1576 ante

216 1614 450 1661 infernas
477 1615 658 1661 accede
686 1614 865 1661 domos
891 1619 942 1661 et
968 1614 1180 1662 Averna
1204 1630 1295 1677 per
1321 1615 1428 1662 alta

217 1717 520 1763 congressus
546 1707 679 1763 pete,
707 1707 843 1761 nate,
872 1717 1026 1749 meos.
1099 1703 1219 1749 Nou
1246 1718 1327 1749 me
1352 1703 1514 1765 impia
1538 1721 1759 1767 namque

219 1790 435 1836 Tartara
460 1789 669 1849 habent,
698 1788 877 1836 tristes
905 1789 1130 1849 umbrae,
1160 1790 1250 1836 sed
1276 1806 1490 1838 amoena
1514 1792 1717 1853 piorum

217 1876 437 1924 concilia
463 1876 805 1939 Elysiumque
832 1874 1001 1941 colo}
1054 1877 1172 1924 Huc
1197 1882 1341 1925 casta
1369 1877 1570 1940 Sibylla
1904 1864 1991 1926 735.

217 1963 480 2023 nigrarum
510 1963 672 2010 multo
700 1964 950 2025 pecudum
982 1969 1034 2011 te
1062 1965 1313 2024 sanguine
1338 1965 1505 2012 ducet.

218 2052 350 2097 Tum
376 2066 537 2111 genus
564 2067 712 2098 omne
741 2056 886 2098 tuum
914 2056 965 2098 et
991 2066 1120 2113 quae
1148 2052 1336 2099 dentur
1360 2053 1563 2100 moenia
1588 2054 1771 2101 disces.

219 2138 433 2200 Iamque
460 2138 601 2198 vale3
641 2143 851 2201 torquet
877 2138 1074 2186 medios
1101 2139 1221 2185 Nox
1246 2139 1424 2186 umida
1448 2155 1644 2201 cursus,

218 2231 269 2272 et
296 2240 375 2271 me
402 2241 584 2273 saevus
611 2226 755 2288 equis
785 2225 969 2274 Oriens
996 2225 1212 2273 adflavit
1237 2226 1473 2275 anhelis!

219 2312 436 2359 Dixerat
461 2317 512 2359 et
537 2313 708 2360 tenuis
737 2313 876 2374 fugit
901 2329 993 2361 ccu
1019 2314 1195 2361 fumus
1222 2313 1275 2360 in
1301 2329 1464 2362 auras.
1904 2326 1976 2362 740

221 2400 438 2458 Aeneas,
468 2399 605 2455 ‘Quo
631 2400 818 2447 deinde
847 2400 997 2456 ruis?
1067 2401 1176 2456 Quo
1201 2400 1424 2463 proripis
1447 2404 1471 2448 ’.Ρ
1490 2402 1502 2425 '
1528 2402 1716 2464 inquit,

221 2486 406 2542 ‘Quem
433 2486 573 2547 fugis
595 2489 619 2534 ?
694 2488 802 2535 Aut
829 2488 944 2549 quis
971 2493 1022 2534 te
1049 2487 1240 2535 nostris
1267 2489 1622 2550 complexibus
1647 2494 1787 2536 arcet
1806 2491 1830 2536 ’.Ρ
1848 2489 1860 2512 '

221 2575 364 2622 Haec
391 2590 680 2623 memorans
709 2577 932 2623 cinerem
961 2581 1012 2623 et
1038 2576 1232 2638 sopitos
1261 2577 1478 2624 suscitat
1502 2577 1638 2638 ignis

221 2662 662 2724 Pergameumque
691 2664 873 2711 Larem
900 2668 950 2711 et
975 2679 1131 2711 canae
1158 2664 1446 2725 penetralia
1470 2665 1660 2711 Vestae

222 2749 357 2796 farre
386 2749 470 2811 pio
496 2754 547 2796 et
573 2749 727 2811 plena
754 2751 972 2813 supplex
1000 2755 1276 2798 veneratur
1302 2766 1490 2798 acerra.
1902 2759 1971 2797 745

840 2866 874 2900 1.
911 2864 997 2901 00ῑό
1017 2862 1024 2911 Ι
1047 2865 1157 2902 huc:
1185 2865 1343 2902 hiatus.
