<?xml version="1.0" encoding="UTF-8"?>
<!DOCTYPE html PUBLIC "-//W3C//DTD XHTML 1.0 Transitional//EN"
    "http://www.w3.org/TR/xhtml1/DTD/xhtml1-transitional.dtd">
<html xmlns="http://www.w3.org/1999/xhtml" xml:lang="en" lang="en">
 <head>
  <title>
</title>
<meta http-equiv="Content-Type" content="text/html;charset=utf-8" />
  <meta name='ocr-system' content='tesseract 3.04.00' />
  <meta name='ocr-capabilities' content='ocr_page ocr_carea ocr_par ocr_line ocrx_word'/>
</head>
<body>
  <div class='ocr_page' id='page_1' title='image "./virgilsaeneidboo00virgrich_0135.png"; bbox 0 0 2148 3204; ppageno 0'>
   <div class='ocr_carea' id='block_1_1' title="bbox 733 97 1904 149">
    <p class='ocr_par' dir='ltr' id='par_1_1' title="bbox 733 97 1904 149">
     <span class='ocr_line' id='line_1_1' title="bbox 733 97 1904 149; baseline 0.002 -2"><span class='ocrx_word' id='word_1_1' title='bbox 733 111 1043 148; x_wconf 78' lang='lat' dir='ltr'>AENEIDos</span> <span class='ocrx_word' id='word_1_2' title='bbox 1080 111 1199 147; x_wconf 80' lang='lat' dir='ltr'>Lrss.</span> <span class='ocrx_word' id='word_1_3' title='bbox 1244 111 1313 148; x_wconf 87' lang='lat'>11.</span> <span class='ocrx_word' id='word_1_4' title='bbox 1838 97 1904 149; x_wconf 84' lang='lat'>57</span> 
     </span>
    </p>
   </div>
   <div class='ocr_carea' id='block_1_2' title="bbox 160 247 1909 2582">
    <p class='ocr_par' dir='ltr' id='par_1_2' title="bbox 164 247 1757 400">
     <span class='ocr_line' id='line_1_2' title="bbox 169 247 1757 312; baseline -0.001 -15"><span class='ocrx_word' id='word_1_5' title='bbox 169 249 407 298; x_wconf 87' lang='lat' dir='ltr'>Vestrum</span> <span class='ocrx_word' id='word_1_6' title='bbox 436 248 534 298; x_wconf 92' lang='lat' dir='ltr'>hoc</span> <span class='ocrx_word' id='word_1_7' title='bbox 559 249 848 311; x_wconf 83' lang='lat' dir='ltr'>augurium,</span> <span class='ocrx_word' id='word_1_8' title='bbox 876 253 1152 312; x_wconf 83' lang='lat' dir='ltr'>vestroque</span> <span class='ocrx_word' id='word_1_9' title='bbox 1177 248 1229 295; x_wconf 90' lang='lat' dir='ltr'>in</span> <span class='ocrx_word' id='word_1_10' title='bbox 1248 248 1459 296; x_wconf 91' lang='lat' dir='ltr'>numine</span> <span class='ocrx_word' id='word_1_11' title='bbox 1487 247 1642 295; x_wconf 84' lang='lat' dir='ltr'>Troia</span> <span class='ocrx_word' id='word_1_12' title='bbox 1665 253 1757 296; x_wconf 90' lang='lat' dir='ltr'>est.</span> 
     </span>
     <span class='ocr_line' id='line_1_3' title="bbox 164 335 1505 400; baseline -0.002 -15"><span class='ocrx_word' id='word_1_13' title='bbox 164 338 302 386; x_wconf 88' lang='lat' dir='ltr'>Cedo</span> <span class='ocrx_word' id='word_1_14' title='bbox 327 338 566 400; x_wconf 79' lang='lat' dir='ltr'>equidem</span> <span class='ocrx_word' id='word_1_15' title='bbox 590 353 698 397; x_wconf 91' lang='lat' dir='ltr'>nec,</span> <span class='ocrx_word' id='word_1_16' title='bbox 726 343 860 396; x_wconf 80' lang='lat' dir='ltr'>nate,</span> <span class='ocrx_word' id='word_1_17' title='bbox 886 336 985 384; x_wconf 88' lang='lat' dir='ltr'>tibi</span> <span class='ocrx_word' id='word_1_18' title='bbox 1010 352 1178 384; x_wconf 88' lang='lat' dir='ltr'>comes</span> <span class='ocrx_word' id='word_1_19' title='bbox 1203 336 1277 383; x_wconf 90' lang='lat' dir='ltr'>ire</span> <span class='ocrx_word' id='word_1_20' title='bbox 1297 335 1505 383; x_wconf 88' lang='lat' dir='ltr'>recus0.&#39;</span> 
     </span>
    </p>

    <p class='ocr_par' dir='ltr' id='par_1_3' title="bbox 161 423 1906 575">
     <span class='ocr_line' id='line_1_4' title="bbox 161 423 1906 486; baseline 0.001 -16"><span class='ocrx_word' id='word_1_21' title='bbox 161 424 380 472; x_wconf 83' lang='lat' dir='ltr'>Dixerat</span> <span class='ocrx_word' id='word_1_22' title='bbox 405 424 510 485; x_wconf 85' lang='lat' dir='ltr'>ille,</span> <span class='ocrx_word' id='word_1_23' title='bbox 537 429 589 472; x_wconf 92' lang='lat' dir='ltr'>et</span> <span class='ocrx_word' id='word_1_24' title='bbox 613 424 716 472; x_wconf 88' lang='lat' dir='ltr'>iam</span> <span class='ocrx_word' id='word_1_25' title='bbox 742 440 833 486; x_wconf 90' lang='lat' dir='ltr'>per</span> <span class='ocrx_word' id='word_1_26' title='bbox 857 424 1061 472; x_wconf 87' lang='lat' dir='ltr'>moenia</span> <span class='ocrx_word' id='word_1_27' title='bbox 1083 424 1271 471; x_wconf 87' lang='lat' dir='ltr'>clarior</span> <span class='ocrx_word' id='word_1_28' title='bbox 1294 423 1432 484; x_wconf 92' lang='lat' dir='ltr'>ignis</span> <span class='ocrx_word' id='word_1_29' title='bbox 1837 435 1906 471; x_wconf 82' lang='lat'>705</span> 
     </span>
     <span class='ocr_line' id='line_1_5' title="bbox 162 510 1449 575; baseline 0.001 -17"><span class='ocrx_word' id='word_1_30' title='bbox 162 511 386 572; x_wconf 88' lang='lat' dir='ltr'>auditur,</span> <span class='ocrx_word' id='word_1_31' title='bbox 411 511 728 575; x_wconf 88' lang='lat' dir='ltr'>propiusque</span> <span class='ocrx_word' id='word_1_32' title='bbox 754 516 929 560; x_wconf 85' lang='lat' dir='ltr'>aestus</span> <span class='ocrx_word' id='word_1_33' title='bbox 954 511 1196 559; x_wconf 82' lang='lat' dir='ltr'>incendia</span> <span class='ocrx_word' id='word_1_34' title='bbox 1217 510 1449 559; x_wconf 77' lang='lat' dir='ltr'>volvunt.</span> 
     </span>
    </p>

    <p class='ocr_par' dir='ltr' id='par_1_4' title="bbox 163 597 1557 661">
     <span class='ocr_line' id='line_1_6' title="bbox 163 597 1557 661; baseline 0 -16"><span class='ocrx_word' id='word_1_35' title='bbox 163 602 176 626; x_wconf 88' lang='lat'>‘</span> <span class='ocrx_word' id='word_1_36' title='bbox 195 599 331 660; x_wconf 88' lang='lat' dir='ltr'>Ergo</span> <span class='ocrx_word' id='word_1_37' title='bbox 357 614 464 660; x_wconf 91' lang='lat' dir='ltr'>age,</span> <span class='ocrx_word' id='word_1_38' title='bbox 492 614 605 646; x_wconf 88' lang='lat' dir='ltr'>care</span> <span class='ocrx_word' id='word_1_39' title='bbox 632 603 794 661; x_wconf 87' lang='lat' dir='ltr'>pater,</span> <span class='ocrx_word' id='word_1_40' title='bbox 822 597 1012 647; x_wconf 86' lang='lat' dir='ltr'>cervici</span> <span class='ocrx_word' id='word_1_41' title='bbox 1035 598 1300 661; x_wconf 83' lang='lat' dir='ltr'>imponere</span> <span class='ocrx_word' id='word_1_42' title='bbox 1320 603 1557 660; x_wconf 85' lang='lat' dir='ltr'>nostrae3</span> 
     </span>
    </p>

    <p class='ocr_par' dir='ltr' id='par_1_5' title="bbox 161 684 1508 747">
     <span class='ocr_line' id='line_1_7' title="bbox 161 684 1508 747; baseline 0.001 -15"><span class='ocrx_word' id='word_1_43' title='bbox 161 684 271 747; x_wconf 87' lang='lat' dir='ltr'>ipse</span> <span class='ocrx_word' id='word_1_44' title='bbox 298 685 479 733; x_wconf 90' lang='lat' dir='ltr'>subibo</span> <span class='ocrx_word' id='word_1_45' title='bbox 503 685 710 747; x_wconf 88' lang='lat' dir='ltr'>umeris,</span> <span class='ocrx_word' id='word_1_46' title='bbox 738 701 829 734; x_wconf 91' lang='lat' dir='ltr'>nec</span> <span class='ocrx_word' id='word_1_47' title='bbox 855 702 936 733; x_wconf 89' lang='lat' dir='ltr'>me</span> <span class='ocrx_word' id='word_1_48' title='bbox 962 685 1107 734; x_wconf 85' lang='lat' dir='ltr'>labor</span> <span class='ocrx_word' id='word_1_49' title='bbox 1131 684 1231 734; x_wconf 87' lang='lat' dir='ltr'>iste</span> <span class='ocrx_word' id='word_1_50' title='bbox 1258 685 1508 747; x_wconf 82' lang='lat' dir='ltr'>gravabit.</span> 
     </span>
    </p>

    <p class='ocr_par' dir='ltr' id='par_1_6' title="bbox 161 771 1694 836">
     <span class='ocr_line' id='line_1_8' title="bbox 161 771 1694 836; baseline 0 -17"><span class='ocrx_word' id='word_1_51' title='bbox 161 773 272 829; x_wconf 82' lang='lat' dir='ltr'>Quo</span> <span class='ocrx_word' id='word_1_52' title='bbox 296 788 378 820; x_wconf 88' lang='lat' dir='ltr'>res</span> <span class='ocrx_word' id='word_1_53' title='bbox 403 789 622 836; x_wconf 87' lang='lat' dir='ltr'>cumque</span> <span class='ocrx_word' id='word_1_54' title='bbox 648 774 848 834; x_wconf 88' lang='lat' dir='ltr'>cadent,</span> <span class='ocrx_word' id='word_1_55' title='bbox 875 790 1037 821; x_wconf 90' lang='lat' dir='ltr'>unum</span> <span class='ocrx_word' id='word_1_56' title='bbox 1062 779 1113 821; x_wconf 89' lang='lat' dir='ltr'>et</span> <span class='ocrx_word' id='word_1_57' title='bbox 1138 789 1407 821; x_wconf 89' lang='lat' dir='ltr'>commune</span> <span class='ocrx_word' id='word_1_58' title='bbox 1427 771 1694 836; x_wconf 86' lang='lat' dir='ltr'>periclum,</span> 
     </span>
    </p>

    <p class='ocr_par' dir='ltr' id='par_1_7' title="bbox 160 859 1906 1009">
     <span class='ocr_line' id='line_1_9' title="bbox 160 859 1906 924; baseline 0 -18"><span class='ocrx_word' id='word_1_59' title='bbox 160 876 264 907; x_wconf 87' lang='lat' dir='ltr'>una</span> <span class='ocrx_word' id='word_1_60' title='bbox 289 859 429 908; x_wconf 85' lang='lat' dir='ltr'>salus</span> <span class='ocrx_word' id='word_1_61' title='bbox 455 861 705 909; x_wconf 87' lang='lat' dir='ltr'>ambobus</span> <span class='ocrx_word' id='word_1_62' title='bbox 731 861 846 910; x_wconf 89' lang='lat' dir='ltr'>erit.</span> <span class='ocrx_word' id='word_1_63' title='bbox 922 860 1060 908; x_wconf 84' lang='lat' dir='ltr'>Mihi</span> <span class='ocrx_word' id='word_1_64' title='bbox 1084 876 1277 924; x_wconf 82' lang='lat' dir='ltr'>parvus</span> <span class='ocrx_word' id='word_1_65' title='bbox 1297 860 1444 908; x_wconf 85' lang='lat' dir='ltr'>Iulus</span> <span class='ocrx_word' id='word_1_66' title='bbox 1838 870 1906 909; x_wconf 82' lang='lat'>710</span> 
     </span>
     <span class='ocr_line' id='line_1_10' title="bbox 162 947 1398 1009; baseline 0 -15"><span class='ocrx_word' id='word_1_67' title='bbox 162 947 231 994; x_wconf 89' lang='lat' dir='ltr'>sit</span> <span class='ocrx_word' id='word_1_68' title='bbox 256 963 439 1009; x_wconf 92' lang='lat' dir='ltr'>comes,</span> <span class='ocrx_word' id='word_1_69' title='bbox 466 952 518 996; x_wconf 92' lang='lat' dir='ltr'>et</span> <span class='ocrx_word' id='word_1_70' title='bbox 541 947 692 1009; x_wconf 83' lang='lat' dir='ltr'>longe</span> <span class='ocrx_word' id='word_1_71' title='bbox 720 953 890 996; x_wconf 87' lang='lat' dir='ltr'>servet</span> <span class='ocrx_word' id='word_1_72' title='bbox 914 947 1136 1009; x_wconf 86' lang='lat' dir='ltr'>vestigia</span> <span class='ocrx_word' id='word_1_73' title='bbox 1160 948 1398 996; x_wconf 81' lang='lat' dir='ltr'>coniunx.</span> 
     </span>
    </p>

    <p class='ocr_par' dir='ltr' id='par_1_8' title="bbox 160 1034 1606 1098">
     <span class='ocr_line' id='line_1_11' title="bbox 160 1034 1606 1098; baseline 0.001 -16"><span class='ocrx_word' id='word_1_74' title='bbox 160 1035 282 1094; x_wconf 90' lang='lat' dir='ltr'>Vos,</span> <span class='ocrx_word' id='word_1_75' title='bbox 309 1034 511 1096; x_wconf 80' lang='lat' dir='ltr'>famuli,</span> <span class='ocrx_word' id='word_1_76' title='bbox 538 1051 668 1098; x_wconf 89' lang='lat' dir='ltr'>quae</span> <span class='ocrx_word' id='word_1_77' title='bbox 695 1036 878 1096; x_wconf 89' lang='lat' dir='ltr'>dicam,</span> <span class='ocrx_word' id='word_1_78' title='bbox 905 1036 1093 1084; x_wconf 88' lang='lat' dir='ltr'>animis</span> <span class='ocrx_word' id='word_1_79' title='bbox 1120 1034 1376 1083; x_wconf 80' lang='lat' dir='ltr'>advertite</span> <span class='ocrx_word' id='word_1_80' title='bbox 1401 1034 1606 1084; x_wconf 83' lang='lat' dir='ltr'>vestris.</span> 
     </span>
    </p>

    <p class='ocr_par' dir='ltr' id='par_1_9' title="bbox 161 1122 1586 1186">
     <span class='ocr_line' id='line_1_12' title="bbox 161 1122 1586 1186; baseline 0.001 -18"><span class='ocrx_word' id='word_1_81' title='bbox 161 1122 258 1169; x_wconf 88' lang='lat' dir='ltr'>Est</span> <span class='ocrx_word' id='word_1_82' title='bbox 281 1123 407 1170; x_wconf 86' lang='lat' dir='ltr'>urbe</span> <span class='ocrx_word' id='word_1_83' title='bbox 433 1123 653 1184; x_wconf 83' lang='lat' dir='ltr'>egressis</span> <span class='ocrx_word' id='word_1_84' title='bbox 678 1123 911 1172; x_wconf 86' lang='lat' dir='ltr'>tumulus</span> <span class='ocrx_word' id='word_1_85' title='bbox 937 1123 1296 1186; x_wconf 82' lang='lat' dir='ltr'>templumque</span> <span class='ocrx_word' id='word_1_86' title='bbox 1320 1127 1586 1170; x_wconf 87' lang='lat' dir='ltr'>vetustum</span> 
     </span>
    </p>

    <p class='ocr_par' dir='ltr' id='par_1_10' title="bbox 161 1209 1428 1273">
     <span class='ocr_line' id='line_1_13' title="bbox 161 1209 1428 1273; baseline 0.002 -17"><span class='ocrx_word' id='word_1_87' title='bbox 161 1209 394 1257; x_wconf 74' lang='lat' dir='ltr'>desertae</span> <span class='ocrx_word' id='word_1_88' title='bbox 420 1210 620 1259; x_wconf 86' lang='lat' dir='ltr'>Cereris</span> <span class='ocrx_word' id='word_1_89' title='bbox 646 1210 895 1273; x_wconf 80' lang='lat' dir='ltr'>iuxtaque</span> <span class='ocrx_word' id='word_1_90' title='bbox 916 1210 1132 1273; x_wconf 86' lang='lat' dir='ltr'>antiqua</span> <span class='ocrx_word' id='word_1_91' title='bbox 1155 1226 1428 1273; x_wconf 84' lang='lat' dir='ltr'>cupressus</span> 
     </span>
    </p>

    <p class='ocr_par' dir='ltr' id='par_1_11' title="bbox 160 1281 1909 1433">
     <span class='ocr_line' id='line_1_14' title="bbox 161 1281 1909 1362; baseline 0.001 -20"><span class='ocrx_word' id='word_1_92' title='bbox 161 1296 409 1357; x_wconf 84' lang='lat' dir='ltr'>religione</span> <span class='ocrx_word' id='word_1_93' title='bbox 434 1302 640 1360; x_wconf 87' lang='lat' dir='ltr'>patrum</span> <span class='ocrx_word' id='word_1_94' title='bbox 664 1297 855 1346; x_wconf 85' lang='lat' dir='ltr'>multos</span> <span class='ocrx_word' id='word_1_95' title='bbox 882 1303 1088 1346; x_wconf 80' lang='lat' dir='ltr'>servata</span> <span class='ocrx_word' id='word_1_96' title='bbox 1108 1281 1202 1362; x_wconf 26' lang='lat' dir='ltr'>&#39;per</span> <span class='ocrx_word' id='word_1_97' title='bbox 1224 1314 1414 1360; x_wconf 82' lang='lat' dir='ltr'>annos3</span> <span class='ocrx_word' id='word_1_98' title='bbox 1837 1307 1909 1345; x_wconf 81' lang='lat'>715</span> 
     </span>
     <span class='ocr_line' id='line_1_15' title="bbox 160 1383 1371 1433; baseline 0.002 -3"><span class='ocrx_word' id='word_1_99' title='bbox 160 1383 295 1432; x_wconf 88' lang='lat' dir='ltr'>hanc</span> <span class='ocrx_word' id='word_1_100' title='bbox 320 1399 383 1431; x_wconf 87' lang='lat' dir='ltr'>ex</span> <span class='ocrx_word' id='word_1_101' title='bbox 405 1383 610 1433; x_wconf 80' lang='lat' dir='ltr'>diverso</span> <span class='ocrx_word' id='word_1_102' title='bbox 636 1386 809 1433; x_wconf 90' lang='lat' dir='ltr'>sedem</span> <span class='ocrx_word' id='word_1_103' title='bbox 833 1385 1102 1433; x_wconf 89' lang='lat' dir='ltr'>veniemus</span> <span class='ocrx_word' id='word_1_104' title='bbox 1125 1385 1181 1432; x_wconf 92' lang='lat' dir='ltr'>in</span> <span class='ocrx_word' id='word_1_105' title='bbox 1203 1401 1371 1433; x_wconf 89' lang='lat' dir='ltr'>unam.</span> 
     </span>
    </p>

    <p class='ocr_par' dir='ltr' id='par_1_12' title="bbox 161 1471 1590 1535">
     <span class='ocr_line' id='line_1_16' title="bbox 161 1471 1590 1535; baseline 0.003 -18"><span class='ocrx_word' id='word_1_106' title='bbox 161 1472 255 1531; x_wconf 85' lang='lat' dir='ltr'>Tu,</span> <span class='ocrx_word' id='word_1_107' title='bbox 279 1471 495 1532; x_wconf 87' lang='lat' dir='ltr'>genitor,</span> <span class='ocrx_word' id='word_1_108' title='bbox 523 1488 646 1535; x_wconf 89' lang='lat' dir='ltr'>cape</span> <span class='ocrx_word' id='word_1_109' title='bbox 671 1489 815 1520; x_wconf 84' lang='lat' dir='ltr'>sacra</span> <span class='ocrx_word' id='word_1_110' title='bbox 836 1489 993 1520; x_wconf 88' lang='lat' dir='ltr'>manu</span> <span class='ocrx_word' id='word_1_111' title='bbox 1018 1472 1317 1535; x_wconf 84' lang='lat' dir='ltr'>patriosque</span> <span class='ocrx_word' id='word_1_112' title='bbox 1342 1472 1590 1535; x_wconf 86' lang='lat' dir='ltr'>Penatis;</span> 
     </span>
    </p>

    <p class='ocr_par' dir='ltr' id='par_1_13' title="bbox 160 1558 1434 1621">
     <span class='ocr_line' id='line_1_17' title="bbox 160 1558 1434 1621; baseline 0.002 -17"><span class='ocrx_word' id='word_1_113' title='bbox 160 1574 256 1618; x_wconf 88' lang='lat' dir='ltr'>me,</span> <span class='ocrx_word' id='word_1_114' title='bbox 282 1558 416 1605; x_wconf 82' lang='lat' dir='ltr'>bello</span> <span class='ocrx_word' id='word_1_115' title='bbox 441 1574 467 1606; x_wconf 94' lang='lat' dir='ltr'>e</span> <span class='ocrx_word' id='word_1_116' title='bbox 490 1563 638 1606; x_wconf 90' lang='lat' dir='ltr'>tanto</span> <span class='ocrx_word' id='word_1_117' title='bbox 660 1559 949 1620; x_wconf 85' lang='lat' dir='ltr'>digressum</span> <span class='ocrx_word' id='word_1_118' title='bbox 972 1564 1022 1607; x_wconf 92' lang='lat' dir='ltr'>et</span> <span class='ocrx_word' id='word_1_119' title='bbox 1046 1561 1199 1607; x_wconf 85' lang='lat' dir='ltr'>caede</span> <span class='ocrx_word' id='word_1_120' title='bbox 1225 1559 1434 1621; x_wconf 88' lang='lat' dir='ltr'>recenti,</span> 
     </span>
    </p>

    <p class='ocr_par' dir='ltr' id='par_1_14' title="bbox 160 1646 1304 1707">
     <span class='ocr_line' id='line_1_18' title="bbox 160 1646 1304 1707; baseline 0.003 -16"><span class='ocrx_word' id='word_1_121' title='bbox 160 1650 437 1693; x_wconf 86' lang='lat' dir='ltr'>attrectare</span> <span class='ocrx_word' id='word_1_122' title='bbox 462 1646 626 1707; x_wconf 83' lang='lat' dir='ltr'>nefas,</span> <span class='ocrx_word' id='word_1_123' title='bbox 655 1646 814 1694; x_wconf 89' lang='lat' dir='ltr'>donec</span> <span class='ocrx_word' id='word_1_124' title='bbox 839 1662 920 1694; x_wconf 90' lang='lat' dir='ltr'>me</span> <span class='ocrx_word' id='word_1_125' title='bbox 945 1646 1159 1694; x_wconf 87' lang='lat' dir='ltr'>flumine</span> <span class='ocrx_word' id='word_1_126' title='bbox 1183 1646 1304 1695; x_wconf 85' lang='lat' dir='ltr'>vivo</span> 
     </span>
    </p>

    <p class='ocr_par' dir='ltr' id='par_1_15' title="bbox 160 1732 1908 1885">
     <span class='ocr_line' id='line_1_19' title="bbox 160 1732 1908 1784; baseline 0.002 -5"><span class='ocrx_word' id='word_1_127' title='bbox 160 1732 401 1780; x_wconf 59' lang='lat' dir='ltr'>abluero)</span> <span class='ocrx_word' id='word_1_128' title='bbox 1084 1782 1086 1784; x_wconf 85' lang='grc'><strong>,</strong></span> <span class='ocrx_word' id='word_1_129' title='bbox 1835 1744 1908 1784; x_wconf 79' lang='lat'>‘120</span> 
     </span>
     <span class='ocr_line' id='line_1_20' title="bbox 162 1819 1374 1885; baseline 0.003 -19"><span class='ocrx_word' id='word_1_130' title='bbox 162 1819 306 1867; x_wconf 86' lang='lat' dir='ltr'>Haec</span> <span class='ocrx_word' id='word_1_131' title='bbox 327 1820 469 1868; x_wconf 85' lang='lat' dir='ltr'>fatus</span> <span class='ocrx_word' id='word_1_132' title='bbox 493 1819 627 1869; x_wconf 81' lang='lat' dir='ltr'>latos</span> <span class='ocrx_word' id='word_1_133' title='bbox 653 1837 856 1871; x_wconf 87' lang='lat' dir='ltr'>umeros</span> <span class='ocrx_word' id='word_1_134' title='bbox 883 1821 1214 1885; x_wconf 83' lang='lat' dir='ltr'>subiectaque</span> <span class='ocrx_word' id='word_1_135' title='bbox 1240 1822 1374 1871; x_wconf 85' lang='lat' dir='ltr'>colla</span> 
     </span>
    </p>

    <p class='ocr_par' dir='ltr' id='par_1_16' title="bbox 160 1908 1382 1972">
     <span class='ocr_line' id='line_1_21' title="bbox 160 1908 1382 1972; baseline 0.005 -19"><span class='ocrx_word' id='word_1_136' title='bbox 160 1912 305 1954; x_wconf 86' lang='lat' dir='ltr'>veste</span> <span class='ocrx_word' id='word_1_137' title='bbox 331 1924 484 1970; x_wconf 86' lang='lat' dir='ltr'>super</span> <span class='ocrx_word' id='word_1_138' title='bbox 508 1908 746 1971; x_wconf 80' lang='lat' dir='ltr'>fulvique</span> <span class='ocrx_word' id='word_1_139' title='bbox 771 1909 1032 1958; x_wconf 86' lang='lat' dir='ltr'>insternor</span> <span class='ocrx_word' id='word_1_140' title='bbox 1058 1910 1194 1972; x_wconf 82' lang='lat' dir='ltr'>pelle</span> <span class='ocrx_word' id='word_1_141' title='bbox 1218 1910 1382 1959; x_wconf 82' lang='lat' dir='ltr'>leonis</span> 
     </span>
    </p>

    <p class='ocr_par' dir='ltr' id='par_1_17' title="bbox 162 1994 1398 2059">
     <span class='ocr_line' id='line_1_22' title="bbox 162 1994 1398 2059; baseline 0.003 -18"><span class='ocrx_word' id='word_1_142' title='bbox 162 1994 481 2056; x_wconf 78' lang='lat' dir='ltr'>succedoque</span> <span class='ocrx_word' id='word_1_143' title='bbox 506 1995 675 2057; x_wconf 82' lang='lat' dir='ltr'>oneri3</span> <span class='ocrx_word' id='word_1_144' title='bbox 715 1997 928 2044; x_wconf 81' lang='lat' dir='ltr'>dextrae</span> <span class='ocrx_word' id='word_1_145' title='bbox 954 2012 1007 2045; x_wconf 90' lang='lat' dir='ltr'>se</span> <span class='ocrx_word' id='word_1_146' title='bbox 1032 2013 1223 2059; x_wconf 78' lang='lat' dir='ltr'>parvus</span> <span class='ocrx_word' id='word_1_147' title='bbox 1249 1998 1398 2046; x_wconf 82' lang='lat' dir='ltr'>Iulus</span> 
     </span>
    </p>

    <p class='ocr_par' dir='ltr' id='par_1_18' title="bbox 161 2080 1635 2148">
     <span class='ocr_line' id='line_1_23' title="bbox 161 2080 1635 2148; baseline 0.005 -21"><span class='ocrx_word' id='word_1_148' title='bbox 161 2080 422 2143; x_wconf 81' lang='lat' dir='ltr'>implicuit</span> <span class='ocrx_word' id='word_1_149' title='bbox 449 2083 783 2145; x_wconf 87' lang='lat' dir='ltr'>sequiturque</span> <span class='ocrx_word' id='word_1_150' title='bbox 809 2089 1009 2146; x_wconf 86' lang='lat' dir='ltr'>patrem</span> <span class='ocrx_word' id='word_1_151' title='bbox 1034 2100 1136 2131; x_wconf 93' lang='lat' dir='ltr'>non</span> <span class='ocrx_word' id='word_1_152' title='bbox 1161 2085 1400 2147; x_wconf 86' lang='lat' dir='ltr'>passibus</span> <span class='ocrx_word' id='word_1_153' title='bbox 1426 2086 1635 2148; x_wconf 84' lang='lat' dir='ltr'>aequis3</span> 
     </span>
    </p>

    <p class='ocr_par' dir='ltr' id='par_1_19' title="bbox 160 2153 1907 2317">
     <span class='ocr_line' id='line_1_24' title="bbox 160 2153 1907 2234; baseline 0.003 -19"><span class='ocrx_word' id='word_1_154' title='bbox 160 2184 292 2231; x_wconf 88' lang='lat' dir='ltr'>pone</span> <span class='ocrx_word' id='word_1_155' title='bbox 319 2168 459 2217; x_wconf 89' lang='lat' dir='ltr'>subit</span> <span class='ocrx_word' id='word_1_156' title='bbox 482 2153 756 2218; x_wconf 64' lang='lat' dir='ltr'>coniunx.¹1⁶</span> <span class='ocrx_word' id='word_1_157' title='bbox 793 2171 1030 2218; x_wconf 87' lang='lat' dir='ltr'>Ferimur</span> <span class='ocrx_word' id='word_1_158' title='bbox 1054 2187 1145 2233; x_wconf 88' lang='lat' dir='ltr'>per</span> <span class='ocrx_word' id='word_1_159' title='bbox 1169 2187 1327 2233; x_wconf 88' lang='lat' dir='ltr'>opaca</span> <span class='ocrx_word' id='word_1_160' title='bbox 1351 2172 1594 2234; x_wconf 81' lang='lat' dir='ltr'>locorum,</span> <span class='ocrx_word' id='word_1_161' title='bbox 1834 2182 1907 2221; x_wconf 79' lang='lat'>725</span> 
     </span>
     <span class='ocr_line' id='line_1_25' title="bbox 163 2257 1564 2317; baseline 0.004 -16"><span class='ocrx_word' id='word_1_162' title='bbox 163 2261 214 2302; x_wconf 90' lang='lat' dir='ltr'>et</span> <span class='ocrx_word' id='word_1_163' title='bbox 249 2270 346 2316; x_wconf 89' lang='lat' dir='ltr'>me,</span> <span class='ocrx_word' id='word_1_164' title='bbox 379 2271 530 2317; x_wconf 88' lang='lat' dir='ltr'>quem</span> <span class='ocrx_word' id='word_1_165' title='bbox 565 2257 761 2304; x_wconf 90' lang='lat' dir='ltr'>dudum</span> <span class='ocrx_word' id='word_1_166' title='bbox 793 2274 895 2305; x_wconf 88' lang='lat' dir='ltr'>non</span> <span class='ocrx_word' id='word_1_167' title='bbox 922 2257 1033 2305; x_wconf 79' lang='lat' dir='ltr'>ulla</span> <span class='ocrx_word' id='word_1_168' title='bbox 1064 2257 1257 2306; x_wconf 89' lang='lat' dir='ltr'>iniecta</span> <span class='ocrx_word' id='word_1_169' title='bbox 1288 2260 1564 2308; x_wconf 81' lang='lat' dir='ltr'>movebant</span> 
     </span>
    </p>

    <p class='ocr_par' dir='ltr' id='par_1_20' title="bbox 161 2341 1521 2408">
     <span class='ocr_line' id='line_1_26' title="bbox 161 2341 1521 2408; baseline 0.004 -19"><span class='ocrx_word' id='word_1_170' title='bbox 161 2341 269 2389; x_wconf 86' lang='lat' dir='ltr'>tela</span> <span class='ocrx_word' id='word_1_171' title='bbox 299 2358 465 2405; x_wconf 88' lang='lat' dir='ltr'>neque</span> <span class='ocrx_word' id='word_1_172' title='bbox 495 2343 712 2392; x_wconf 86' lang='lat' dir='ltr'>adverso</span> <span class='ocrx_word' id='word_1_173' title='bbox 745 2344 1016 2405; x_wconf 78' lang='lat' dir='ltr'>glomerati</span> <span class='ocrx_word' id='word_1_174' title='bbox 1050 2360 1113 2392; x_wconf 82' lang='lat' dir='ltr'>ex</span> <span class='ocrx_word' id='word_1_175' title='bbox 1142 2345 1345 2406; x_wconf 83' lang='lat' dir='ltr'>agmine</span> <span class='ocrx_word' id='word_1_176' title='bbox 1380 2346 1521 2408; x_wconf 85' lang='lat' dir='ltr'>Grai,</span> 
     </span>
    </p>

    <p class='ocr_par' dir='ltr' id='par_1_21' title="bbox 161 2433 1560 2492">
     <span class='ocr_line' id='line_1_27' title="bbox 161 2433 1560 2492; baseline 0.004 -17"><span class='ocrx_word' id='word_1_177' title='bbox 161 2444 299 2476; x_wconf 93' lang='lat' dir='ltr'>nunc</span> <span class='ocrx_word' id='word_1_178' title='bbox 333 2445 509 2478; x_wconf 90' lang='lat' dir='ltr'>omnes</span> <span class='ocrx_word' id='word_1_179' title='bbox 540 2435 739 2478; x_wconf 87' lang='lat' dir='ltr'>terrent</span> <span class='ocrx_word' id='word_1_180' title='bbox 769 2447 936 2492; x_wconf 85' lang='lat' dir='ltr'>aurae,</span> <span class='ocrx_word' id='word_1_181' title='bbox 971 2448 1126 2480; x_wconf 87' lang='lat' dir='ltr'>sonus</span> <span class='ocrx_word' id='word_1_182' title='bbox 1163 2433 1357 2481; x_wconf 80' lang='lat' dir='ltr'>excitat</span> <span class='ocrx_word' id='word_1_183' title='bbox 1393 2433 1560 2482; x_wconf 89' lang='lat' dir='ltr'>omnis</span> 
     </span>
    </p>

    <p class='ocr_par' dir='ltr' id='par_1_22' title="bbox 163 2516 1690 2582">
     <span class='ocr_line' id='line_1_28' title="bbox 163 2516 1690 2582; baseline 0.005 -20"><span class='ocrx_word' id='word_1_184' title='bbox 163 2531 473 2579; x_wconf 89' lang='lat' dir='ltr'>suspensum</span> <span class='ocrx_word' id='word_1_185' title='bbox 501 2521 552 2564; x_wconf 87' lang='lat' dir='ltr'>et</span> <span class='ocrx_word' id='word_1_186' title='bbox 591 2516 787 2581; x_wconf 80' lang='lat' dir='ltr'>pariter</span> <span class='ocrx_word' id='word_1_187' title='bbox 814 2518 1093 2581; x_wconf 90' lang='lat' dir='ltr'>comitique</span> <span class='ocrx_word' id='word_1_188' title='bbox 1127 2520 1371 2582; x_wconf 88' lang='lat' dir='ltr'>onerique</span> <span class='ocrx_word' id='word_1_189' title='bbox 1402 2520 1690 2571; x_wconf 87' lang='lat' dir='ltr'>timentem.</span> 
     </span>
    </p>
   </div>
   <div class='ocr_carea' id='block_1_3' title="bbox 411 2670 717 2725">
    <p class='ocr_par' dir='ltr' id='par_1_23' title="bbox 411 2670 717 2725">
     <span class='ocr_line' id='line_1_29' title="bbox 411 2670 717 2725; baseline 0.013 -5"><span class='ocrx_word' id='word_1_190' title='bbox 411 2670 445 2720; x_wconf 66' lang='lat' dir='ltr'>&#39;ik</span> <span class='ocrx_word' id='word_1_191' title='bbox 467 2683 609 2725; x_wconf 63' lang='lat' dir='ltr'>ano-U</span> <span class='ocrx_word' id='word_1_192' title='bbox 647 2695 717 2724; x_wconf 63' lang='lat' dir='ltr'>ou</span> 
     </span>
    </p>
   </div>
  </div>
 </body>
</html>
