2148 3204
698 100 1001 142 AENEmOS
1039 99 1165 135 LIB.
1198 95 1284 134 VI.

132 243 597 300 ostendat‘nemore
623 242 678 290 in
698 231 878 290 tanto!
930 236 1166 295 ¹¹Quando
1192 232 1366 282 omnia
1388 245 1508 279 vere

132 337 231 387 heu
254 334 474 383 nimium
501 332 564 379 de
589 335 641 379 te
666 334 829 389 vates,
854 314 1072 384 Misene‚
1099 323 1272 370 locuta
1297 319 1410 367 est?

129 425 233 473 Vix
259 416 484 470 ea'fatus
510 422 634 478 erat,
663 415 896 478 geminae
921 429 1036 460 cum
1062 399 1198 458 forte
1224 406 1491 456 columbae

130 512 245 574 ipsa
270 509 365 557 sub
391 523 480 555 ora
503 505 605 553 viri
623 502 772 552 caelo
797 486 984 548 venere
1011 497 1247 545 volantes
1311 484 1315 496 ²

131 603 184 646 et
209 595 366 644 viridi
394 585 567 643 sedere
596 591 718 639 solo.
791 590 924 636 Tum
950 585 1206 634 maximus
1230 583 1383 630 heros

132 689 392 732 maternas
419 679 668 741 adgnovit
694 692 816 725 aves
842 675 1113 735 laetusque
1139 675 1380 734 precatur
1400 686 1461 742 :—

135 777 148 801 ‘
167 773 293 820 Este
319 770 473 817 duces
500 783 544 828 o,
573 766 617 814 si
643 780 746 828 qua
768 763 857 811 via
881 767 973 822 est,
1002 773 1312 821 cursumque
1337 772 1429 820 per
1455 769 1608 804 auras

128 857 339 918 dirigite
364 856 420 903 in
444 855 603 914 lucos,
629 852 718 900 ubi
743 851 987 915 pinguem
1012 847 1159 896 dives
1185 847 1367 908 opacat

135 959 308 992 ramus
333 942 582 988 humum.v
637 939 816 999 Tuque
844 952 873 983 o
898 934 1070 982 dubiis
1096 949 1160 980 ne
1186 931 1346 979 defice
1371 930 1539 990 rebus,

138 1031 259 1079 diva
283 1027 508 1092 parens.'
581 1025 664 1073 Sic
690 1024 879 1072 effatus
905 1021 1129 1082 vestigia
1152 1019 1356 1083 pressit,
1414 1008 1417 1010 ’

139 1118 432 1176 observans,
461 1129 591 1176 quae
618 1112 766 1173 signa
790 1111 979 1170 ferant,
1008 1125 1108 1171 quo
1133 1106 1346 1154 tendere
1371 1106 1606 1168 pergant.

138 1193 418 1252 Pascentes
445 1201 567 1249 illae
592 1191 797 1248 tantum
824 1196 1032 1260 prodire
1058 1194 1298 1253 volando,

142 1296 392 1354 quantum
419 1289 526 1337 acie
552 1291 764 1350 possent
789 1284 926 1332 oculi
953 1297 1155 1331 servare
1183 1283 1508 1343 sequentum.

141 1379 273 1445 Iri-de
299 1376 387 1425 ubi
413 1391 598 1424 venere
624 1374 691 1422 ad
713 1374 890 1420 fauces
918 1386 1072 1432 grave
1099 1368 1286 1417 olentis
1312 1364 1528 1427 Averni,

142 1465 337 1514 tollunt
364 1479 417 1512 se
437 1463 627 1511 celeres
651 1460 1013 1522 liquidumque
1039 1472 1129 1519 per
1156 1462 1274 1504 aera
1297 1454 1472 1516 lapsae

146 1553 353 1601 sedibus
381 1550 572 1613 optatis
599 1547 802 1609 gemina
827 1561 981 1608 super
1007 1544 1184 1592 arbore
1213 1542 1406 1601 sidunt,

146 1638 369 1688 discolor
393 1637 529 1685 unde
555 1635 668 1684 auri
692 1650 784 1697 per
809 1648 976 1681 ramos
1003 1647 1128 1679 aura
1153 1628 1375 1677 refulsit.

147 1726 308 1784 Quale
336 1724 468 1773 solet
493 1722 641 1792 silvis
666 1720 890 1770 brumali
915 1719 1108 1780 frigore
1133 1717 1336 1765 viscum

147 1813 332 1861 fronde
357 1812 525 1859 virere
549 1825 697 1869 nova,
726 1808 864 1871 quod
889 1823 993 1854 non
1019 1821 1112 1854 sua
1138 1803 1360 1853 seminat
1389 1801 1556 1863 arbos,

150 1906 202 1949 et
226 1915 401 1948 croceo
425 1899 541 1946 fetu
565 1895 746 1945 teretis
772 1894 1091 1943 circumdare
1116 1897 1358 1940 truncos:

150 1987 272 2036 talis
300 1992 409 2035 erat
436 1985 630 2049 species
656 1982 769 2040 auri
794 1980 1087 2030 frondentis
1114 1995 1274 2042 opaca

151 2075 284 2134 ilice,
312 2073 385 2122 sic
410 2072 518 2120 leni
543 2070 829 2134 crepitabat
853 2069 1056 2116 brattea
1080 2071 1250 2114 vento.

154 2160 382 2223 Corripit
405 2160 608 2207 Aeneas
634 2156 895 2219 extemplo
919 2155 1207 2216 avidusque
1233 2150 1481 2214 refringit

154 2252 486 2297 cunctantem
510 2251 561 2294 et
588 2244 721 2293 vatis
747 2248 922 2307 portat
948 2242 1044 2291 sub
1067 2246 1207 2290 tecta
1233 2238 1481 2303 Sibyllae.

166 2421 251 2460 The
263 2420 452 2471 funeral
472 2419 525 2469 of
539 2418 758 2458 Misenus.

224 2516 337 2563 Nec
362 2514 533 2562 minus
558 2513 757 2560 interea
779 2511 1040 2559 Misenum
1067 2508 1122 2556 in
1147 2507 1298 2556 litore
1325 2503 1512 2555 Teucri

161 2602 368 2672 flebant,
396 2605 448 2649 et
472 2600 632 2648 cineri
655 2599 861 2660 ingrato
887 2612 1128 2660 suprema
1150 2595 1403 2642 ferebant.

165 2675 429 2751 Principio
452 2688 699 2750 pinguem
723 2684 892 2733 taedis
919 2690 970 2732 et
994 2684 1174 2731 robore
1201 2686 1340 2730 secto

166 2774 427 2837 ’mgentem
453 2778 687 2822 struxere
711 2787 910 2836 pyram,
937 2770 1021 2818 cui
1045 2768 1322 2816 frondibus
1347 2765 1476 2815 atris

1769 75 1868 127 157

1810 411 1879 447 190

1819 847 1889 883 195

1822 1284 1896 1320 200

1835 2167 1905 2204 21ss

1843 2773 1913 2809 215
