2148 3204
725 181 1035 219 AENEIDOS
1075 182 1196 219 LIB.
1229 182 1316 219 VI.

145 323 255 369 Nee
282 337 403 368 vero
427 320 649 368 Alciden
676 336 754 367 me
782 337 895 368 sum
920 320 1142 369 laetatus
1170 326 1376 368 euntem

146 408 403 470 accepisse
429 407 545 455 laon
570 424 663 456 nee
691 408 890 455 Thesea
913 392 1326 471 Pirithoumque,

146 496 227 543 dis
254 511 566 557 quamquam
594 495 755 556 geniti
783 500 937 557 atque
964 495 1145 543 invicti
1172 495 1370 555 viribus
1397 500 1579 545 essent.
1602 491 1605 494 ’

143 585 451 630 Tartareum
476 582 565 629 iile
592 599 748 630 mann
774 584 1039 630 custodem
1066 583 1121 630 in
1145 583 1319 630 vinela
1343 583 1547 645 petivit,

144 670 310 732 ipsius
336 685 366 716 a
392 670 522 717 solio
547 671 699 730 regis,
727 671 991 732 traxitque
1017 675 1351 731 trementem3

145 757 199 804 hi
225 755 487 804 dominam
509 757 648 805 Ditis
675 757 905 804 thalamo
931 757 1181 804 deducere
1207 755 1411 806 adorti.'

565 2127 659 2163 FIG.
689 2127 749 2163 30.
802 2127 1054 2164 HERCULES
1080 2137 1178 2164 ΛΝΒ
1205 2127 1468 2165 CERBERUS.

140 2238 281 2296 Quae
307 2245 486 2288 eontra
510 2240 735 2287 breviter
760 2240 873 2288 fata
897 2245 976 2288 est
1003 2239 1325 2303 Amphrysia
1350 2245 1527 2289 vates:

142 2327 362 2374 ‘Nullae
388 2327 471 2374 hie
497 2327 719 2374 insidiae
745 2328 876 2375 tales
906 2328 1120 2391 (absiste
1146 2328 1377 2394 moveri),

140 2429 234 2461 neo
257 2414 365 2461 vim
385 2414 492 2461 tela
517 2414 722 2475 ferunt3
761 2414 886 2462 lieet
913 2415 1095 2476 ingens
1122 2415 1314 2462 ianitor
1340 2420 1492 2464 antro

140 2504 405 2548 aeternum
432 2501 628 2568 latrans
655 2501 932 2562 exsanguis
957 2507 1149 2549 terreat
1174 2503 1409 2564 umbras3

140 2592 283 2634 easta
305 2587 429 2635 lieet
453 2588 627 2650 patrui
653 2594 822 2635 servet
842 2589 1156 2652 Proserpina
1180 2589 1354 2637 limen.

142 2674 321 2721 Troius
348 2674 565 2734 Aeneas,
593 2674 787 2737 pietate
812 2675 1032 2736 insignis
1059 2681 1111 2723 et
1136 2676 1308 2736 armis,

140 2760 205 2807 ad
230 2760 515 2821 genitorem
538 2761 668 2808 imas
694 2762 850 2809 Erebi
877 2762 1146 2809 deseendit
1172 2763 1237 2810 ad
1263 2763 1486 2814 umbras.

141 2845 198 2894 Si
216 2851 267 2894 te
291 2846 439 2895 nulla
461 2852 633 2895 movet
656 2851 833 2895 tantae
860 2848 1072 2911 pietatis
1096 2848 1281 2910 imago,

1792 168 1889 223 165

1825 594 1896 631 395

1818 2863 1888 2900 405
