2148 3204
265 84 367 135 160
803 93 858 130 P.
903 92 1162 129 VERGILI
1200 89 1480 127 MARONIS

264 235 415 307 quale
442 250 533 297 per
558 232 806 281 incertam
833 230 1010 279 lunam
1038 231 1131 279 sub
1156 229 1270 277 luce
1296 228 1526 290 maligna

264 329 343 372 est
367 323 466 370 iter
493 322 547 369 in
576 320 738 381 silvis,
765 320 856 367 ubi
881 319 1083 367 caelum
1108 316 1344 365 condidit
1368 316 1551 363 umbra

264 411 502 474 Iuppiter
528 414 579 457 et
604 409 755 456 rebus
782 423 883 454 nox
908 405 1127 454 abstulit
1152 410 1266 453 atra
1288 403 1523 452 colorem.

264 498 592 546 Vestibulum
620 501 739 544 ante
764 496 937 558 ipsum
962 493 1249 557 primisque
1274 492 1329 538 in
1353 491 1591 539 faucibus
1617 487 1739 538 Orci

265 587 460 633 Luctus
489 590 542 632 et
566 583 781 632 ultrices
807 597 1024 646 posuere
1050 580 1241 628 cubilia
1267 579 1446 639 Curae,

264 673 621 736 pallentesque
648 671 889 718 habitant
914 668 1087 717 Morbi
1111 667 1383 729 tristisque
1411 667 1657 714 Senectus

265 766 317 809 et
342 762 516 808 Metus
544 764 596 807 et
621 758 922 806 malesuada
946 758 1130 804 Fames
1157 771 1214 803 ac
1239 754 1409 817 turpis
1434 754 1674 815 Egestas,

263 847 523 896 terribiles
550 846 669 895 visu
688 846 902 906 formae,
928 845 1221 905 Letumque
1247 842 1518 904 Labosque
1539 859 1551 902 3

266 941 378 983 tum
403 934 814 996 consanguineus
842 931 961 979 Leti
983 932 1144 994 Sopor
1170 936 1221 978 et
1247 929 1385 977 mala
1410 927 1599 976 meritis

268 1023 483 1084 Gaudia,
512 1021 944 1082 mortiferumque
970 1006 1188 1067 adverso
1214 1017 1268 1065 in
1294 1016 1475 1064 limine
1510 1015 1716 1062 Bellum

229 1111 525 1180 Χ,1ῗε-631Ἑὶ11111εε
544 1107 558 1134 ¹
584 1107 933 1156 Eumenidum
961 1104 1181 1153 thalami
1207 1109 1258 1152 et
1286 1101 1561 1151 Discordia
1588 1101 1816 1161 demens,

266 1198 534 1261 vipereum
560 1195 755 1272 crinem
779 1194 929 1242 vittis
955 1194 1145 1241 innexa
1171 1191 1414 1240 eruentis.

270 1370 300 1391 ‘⁴
320 1366 523 1418 Gor-qous
544 1367 634 1407 and
660 1366 833 1416 Hydras
853 1365 945 1405 and
972 1363 1235 1404 Chimaeras
1256 1361 1397 1402 dire.''

336 1465 400 1511 In
426 1463 596 1510 medio
621 1477 790 1509 ramos
816 1474 1113 1522 annosaque
1139 1457 1383 1506 bracchia
1405 1454 1594 1520 pandit

267 1552 439 1599 ulmus
468 1565 640 1613 opaca,
667 1549 865 1610 ingens,
893 1563 1046 1610 quam
1074 1546 1246 1594 sedem
1275 1543 1485 1593 Somnia
1508 1543 1661 1604 volgo

268 1655 402 1688 vana
426 1643 599 1686 tenere
627 1637 819 1696 ferunt,
846 1635 1094 1696 foliisque
1121 1633 1216 1681 sub
1242 1631 1480 1680 omnibus
1506 1631 1738 1679 haerent.

270 1727 540 1788 Multaque
567 1729 834 1787 praeterea
858 1722 1118 1770 variarum
1143 1724 1375 1767 monstra
1399 1719 1641 1775 serarum,

270 1813 515 1863 Centauri
541 1813 593 1859 in
620 1812 821 1859 foribus
849 1810 1115 1858 stabulant
1143 1808 1450 1872 Scyllaeque
1475 1805 1724 1854 biformes

269 1909 320 1950 et
344 1900 790 1961 centumgeminus
818 1897 1061 1945 Briareus
1088 1912 1145 1944 ac
1171 1896 1322 1943 belua
1348 1895 1560 1953 Lernae,

269 1989 580 2038 horrendum
610 1987 850 2046 stridens,
876 1984 1202 2047 flammisque
1229 1986 1427 2031 armata
1452 1980 1739 2039 Chimaera,

273 2078 536 2137 Gorgones
567 2074 937 2138 Harpyiaeque
963 2077 1014 2120 et
1039 2072 1208 2119 forma
1232 2068 1531 2131 tricorporis
1558 2066 1788 2114 umbrae.

272 2163 499 2226 Corripit
525 2162 608 2210 hic
635 2162 808 2210 subita
832 2159 1070 2223 trepidus
1095 2156 1377 2206 formidine
1404 2155 1599 2202 ferrum

273 2252 488 2310 Aeneas,
518 2250 855 2311 strictamque
881 2248 1039 2294 aciem
1069 2244 1397 2293 venientibus
1424 2242 1606 2302 offert3

271 2342 337 2398 et,
366 2338 419 2384 ni
446 2337 597 2384 docta
620 2352 789 2384 comes
815 2334 988 2382 tenuis
1018 2335 1128 2381 sine
1155 2345 1363 2393 corpore
1389 2329 1527 2376 vitas

273 2425 547 2473 admoneat
572 2417 791 2470 volitare
815 2437 942 2469 cava
967 2420 1061 2468 sub
1085 2418 1309 2479 imagine
1334 2417 1546 2476 formae,

273 2511 448 2560 inruat
473 2516 524 2559 et
549 2510 745 2558 frustra
769 2510 908 2556 ferro
935 2507 1225 2555 diverberet
1249 2504 1471 2552 umbras.

1039 2611 1075 2648 1.
1100 2595 1255 2657 ferrei.

1947 235 2016 272 270

1951 672 2023 710 275

1954 1109 2028 1146 280

1961 1725 2032 1762 285

1959 2160 2028 2197 290
