2148 3204
245 121 348 171 122
776 135 831 172 P.
876 134 1135 173 VERGILI
1173 134 1456 174 MARoms

245 333 477 385 Seryestus
496 346 606 375 runs
623 335 840 386 aqround.

311 430 412 477 Hic
436 429 576 478 laeta
600 430 845 478 extremis
872 446 988 493 spes
1014 435 1094 479 est
1119 446 1334 479 accensa
1359 431 1571 492 duobus,

243 517 482 578 Sergesto
508 517 909 580 Mnestheique,1
937 519 1090 581 Gyan
1116 534 1359 580 superare
1379 524 1679 566 morantem.

243 605 512 667 Sergestus
540 605 678 668 capit
699 610 817 652 ante
838 605 1009 653 locum
1035 605 1347 668 scopuloque
1364 606 1696 668 propinquat,
1925 616 1996 653 185

240 708 334 741 nec
360 697 471 740 tota
494 697 670 740 tamen
694 692 784 739 ille
809 693 950 755 prior
976 692 1285 755 praeeunte2
1309 693 1484 741 carina
1499 712 1510 754 ;

241 784 386 843 parte
413 780 580 842 prior3
619 784 820 844 partem
846 785 1014 828 rostro
1038 780 1230 843 premit
1255 780 1458 828 aemula
1484 780 1686 829 Pristis.

241 868 314 915 At
341 868 511 915 media
535 868 699 916 socios
725 867 968 916 incedens
995 884 1126 916 nave
1151 884 1244 931 per
1268 868 1406 932 ipsos

241 956 477 1004 hortatur
503 957 836 1005 Mnestheus:
880 962 892 985 ‘
907 957 1076 1018 Nunc,
1103 973 1241 1004 nunc
1269 957 1522 1018 insurgite
1547 957 1719 1018 remis,

243 1043 489 1091 Hectorei
516 1043 657 1104 socii,
686 1044 868 1092 Troiae
897 1061 1024 1107 quos
1052 1049 1187 1093 sorte
1216 1061 1457 1107 suprema
1925 1054 1996 1092 190

242 1131 409 1192 delegi
434 1132 676 1193 comites3
714 1148 851 1179 nunc
877 1131 996 1180 illas
1017 1132 1240 1195 promite
1268 1132 1417 1193 vires,
1519 1198 1522 1201 ι

241 1234 377 1266 nunc
402 1219 616 1280 animos,
644 1219 831 1282 quibus
859 1220 915 1267 in
943 1220 1181 1268 Gaetulis
1209 1220 1448 1284 Syrtibus
1474 1219 1556 1269 usi

243 1305 492 1368 Ionioque
518 1306 646 1354 mari
674 1307 976 1370 Maleaeque
1007 1307 1313 1369 sequacibus
1339 1309 1509 1355 undis.

241 1394 360 1441 Non
387 1394 488 1441 iam
516 1394 683 1456 prima
707 1399 826 1457 peto
855 1395 1163 1443 Mnestheus
1192 1411 1358 1458 neque
1386 1395 1590 1443 vincere
1616 1401 1784 1456 cert03

243 1496 554 1543 quamquam
580 1497 609 1529 0
628 1512 694 1517 -
711 1483 802 1529 sed
828 1488 1088 1545 superent,
1119 1483 1306 1545 quibus
1344 1483 1453 1543 hoc,
1479 1484 1742 1545 Neptune,
1771 1482 1993 1544 dedisti3

242 1573 496 1616 extremos
522 1569 714 1631 pudeat
740 1570 954 1618 rediisse
977 1589 987 1632 3
1028 1571 1123 1618 hoc
1150 1570 1359 1631 vincite,
1388 1571 1541 1631 cives,
1925 1580 1996 1615 196

243 1660 293 1702 et
318 1655 585 1718 prohibete
611 1657 793 1704 nefas.y
866 1657 972 1706 Olli
998 1658 1278 1706 certamine
1306 1674 1506 1706 summo

241 1744 615 1805 procu1nbunt3
655 1744 1019 1804 vastis-tremit
1047 1744 1238 1794 ictibus
1265 1762 1413 1794 aerea
1437 1745 1642 1808 puppis,

244 1830 669 1893 subtrahiturque
697 1832 889 1894 solum3
928 1837 1039 1880 tuin
1067 1834 1241 1882 creber
1261 1833 1523 1882 anhelitus
1549 1839 1693 1881 artus

243 1917 486 1980 aridaque
513 1934 601 1966 ora
625 1920 809 1982 quatit,
840 1920 994 1968 sudor
1021 1920 1138 1968 fluit
1163 1922 1393 1984 undique
1419 1921 1560 1969 rivis.
1925 1930 1997 1966 200

244 2004 442 2052 Attulit
467 2005 577 2068 ipse
603 2006 731 2054 viris
759 2011 994 2069 optatum
1021 2024 1171 2057 casus
1197 2009 1457 2057 honorem.

242 2092 481 2153 Namque
507 2094 684 2142 furens
713 2094 874 2142 animi
901 2096 1024 2142 dum
1052 2111 1255 2158 proram
1283 2096 1348 2144 acl
1375 2103 1500 2144 saxa
1525 2097 1773 2160 suburget

243 2177 458 2226 interior
484 2182 755 2245 spatioque
783 2183 922 2232 subit
960 2185 1228 2246 Sergestus
1255 2184 1449 2248 iniquo,

243 2265 431 2313 infelix
457 2269 596 2316 saxis
622 2269 674 2316 in
702 2272 1123 2332 procurrentibus
1141 2272 1325 2321 haesit.

245 2353 531 2403 Concussae
557 2361 748 2418 cautes,
776 2363 827 2406 et
853 2364 1002 2407 acuto
1028 2359 1082 2406 in
1107 2360 1299 2407 murice
1324 2359 1453 2407 remi
1923 2370 1994 2408 205

244 2440 421 2488 obnixi
447 2458 703 2505 crepuere,
733 2445 988 2508 inlisaque
1017 2463 1168 2509 prora
1195 2448 1456 2509 pependit.

244 2527 573 2589 Consurgunt
601 2537 785 2579 nautae
813 2539 863 2580 et
889 2549 1075 2595 magno
1101 2534 1322 2582 clamore
1349 2540 1614 2583 morantur

243 2614 565 2678 ferratasque
591 2620 768 2666 trudes
796 2625 847 2666 et
874 2625 1023 2667 acuta
1049 2622 1260 2683 cuspide
1277 2628 1455 2670 contos

243 2702 528 2764 expediunt
553 2705 849 2768 fractosque
875 2706 1056 2768 legunt
1081 2708 1133 2754 iu
1162 2709 1362 2769 gurgite
1390 2726 1570 2758 remos.

601 2824 636 2860 1.
675 2824 724 2861 M
723 2811 981 2872 nestlnssque.
1321 2829 1357 2864 2.
1390 2830 1638 2874 praeeunte.
