2148 3204
228 119 332 175 1053
511 142 513 146 ⁴
672 110 673 113 ’
762 131 822 169 Ρ..
862 130 1119 169 VERGILI
1157 128 1442 167 MARoms

226 288 320 321 nec
346 270 620 321 Saturnius
645 269 773 319 haec
800 268 961 318 oculis
988 273 1137 333 pater
1161 267 1350 332 aspicit
1387 266 1580 330 aequis.

225 360 500 422 Nusquam
521 363 636 406 tuta
671 357 814 406 fides.
888 356 1128 404 Eiectum
1154 355 1322 416 litore,
1348 359 1586 417 egentem

227 446 405 509 excepi
432 451 482 494 et
508 445 653 506 regni
678 445 888 492 demens
914 444 968 491 in
995 448 1140 506 parte
1165 442 1360 504 locavi3

227 534 472 582 amissam
496 533 727 592 classem,
756 532 919 580 socios
947 547 977 578 a
1002 535 1165 578 morte
1192 529 1389 579 reduxi.

228 622 349 669 Heu
369 620 522 669 furiis
548 620 760 668 incensa
783 619 922 666 feror
944 620 954 667 1
1025 618 1180 665 Nunc
1217 633 1380 678 augur
1405 616 1612 680 Apollo,

227 724 365 757 nunc
390 708 579 772 Lyciae
606 712 785 768 sortes,
812 721 948 754 nunc
970 710 1021 753 et
1048 707 1171 753 Iove
1197 705 1387 754 missus
1414 705 1478 753 ab
1499 705 1615 767 ipso

228 797 483 859 interpres
511 795 684 843 divum
707 795 812 842 fert
838 794 1050 841 horrida
1074 793 1218 841 iussa
1241 808 1523 864 pey,auraS.

184 951 186 953 Ι
231 883 439 932 Scilicet
463 883 508 931 is
536 882 734 945 superis
758 880 904 929 labor
929 885 1022 941 est,
1051 896 1109 928 ea
1129 896 1250 927 cura
1269 862 1470 942 quietos

231 970 493 1020 sollicitat.
564 953 749 1032 Neque
776 974 827 1016 te
854 973 1004 1016 teneo
1030 983 1197 1030 neque
1224 967 1364 1015 dicta
1388 967 1598 1015 refello:

229 1058 263 1119 i,
291 1073 503 1120 sequere
529 1057 755 1116 Italiam,
785 1055 956 1104 ventis
983 1060 1101 1118 pete
1128 1070 1286 1115 regna
1310 1069 1400 1117 per
1426 1055 1606 1102 undas.

233 1145 392 1208 Spero
417 1144 657 1207 equidem
684 1143 883 1203 mediis,
914 1143 959 1191 si
980 1142 1107 1205 quid
1132 1142 1218 1205 pia
1244 1142 1458 1188 numina
1483 1146 1717 1203 possunt,

223 1232 489 1295 ,supplicia
514 1232 797 1279 hausurum
825 1230 1050 1293 scopulis
1079 1235 1131 1277 et
1159 1228 1366 1277 nomine
1392 1229 1527 1276 Dido

233 1335 382 1382 saepe
403 1324 719 1367 vocaturum.
794 1318 990 1380 Sequar
1016 1317 1145 1365 atris
1172 1316 1380 1379 ignibus
1407 1315 1608 1376 absens,

233 1413 299 1467 et,
327 1423 440 1455 cum
467 1406 660 1467 frigida
685 1422 820 1453 mors
847 1395 1021 1453 anima
1047 1404 1323 1453 seduxerit
1336 1409 1493 1464 artus,

233 1495 470 1543 omnibus
492 1494 673 1541 umbra
698 1492 826 1540 locis
855 1493 1022 1540 adero.
1098 1492 1275 1553 Dabis,
1302 1491 1548 1554 improbe,
1576 1506 1783 1554 poenas.

233 1582 459 1631 Audiam
485 1586 535 1629 et
561 1582 686 1628 haec
713 1580 886 1627 Manis
908 1579 1083 1627 veniet
1109 1579 1240 1626 mihi
1265 1579 1407 1631 fama
1431 1579 1526 1627 sub
1549 1578 1718 1625 imos.’

234 1669 337 1717 His
363 1669 590 1716 medium
616 1667 774 1716 dictis
803 1682 1089 1715 sermonem
1118 1666 1381 1729 abrumpit
1410 1671 1462 1713 et
1488 1681 1636 1713 auras

235 1772 388 1817 aegra
410 1756 557 1817 fugit
577 1770 732 1817 seque
758 1770 822 1802 ex
850 1753 1011 1802 oculis
1039 1754 1231 1802 avertit
1257 1758 1308 1801 et
1333 1753 1518 1814 aufert,

234 1843 477 1906 linquens
502 1843 668 1890 multa
694 1847 836 1890 metu
861 1845 1191 1889 cunctantem
1220 1845 1270 1888 et
1296 1840 1462 1887 multa
1487 1845 1755 1902 parantem

237 1930 419 1980 dicere.
494 1928 797 1992 Suscipiunt
823 1927 1051 1976 famulae
1078 1927 1424 1991 conlapsaque
1459 1928 1690 1975 membra

237 2033 521 2066 marmoreo
546 2018 780 2065 referunt
816 2016 1049 2064 thalamo
1075 2015 1356 2078 stratisque
1379 2018 1652 2078 reponunt.

237 2186 413 2229 Aeneas
426 2188 636 2238 proceeds
668 2192 710 2227 to
733 2198 863 2236 carry
884 2191 962 2226 out
983 2186 1053 2227 the
1075 2186 1223 2226 divine
1246 2185 1511 2224 commands.

307 2283 381 2330 At
405 2281 521 2346 pius
546 2285 764 2342 Aeneas,
794 2297 1105 2344 quamquam
1134 2279 1296 2328 lenire
1323 2279 1582 2327 dolentem

242 2369 456 2419 solando
481 2370 625 2431 cupit
641 2373 691 2416 et
719 2369 873 2417 dictis
902 2373 1133 2416 avertere
1159 2383 1322 2427 curas,

243 2456 407 2504 multa
433 2472 639 2517 gemens
667 2472 956 2518 magnoque
984 2456 1215 2504 animum
1240 2453 1529 2501 labefactus
1566 2468 1754 2515 amore,

244 2544 383 2592 iussa
408 2549 578 2591 tamen
608 2544 785 2591 divum
813 2543 1115 2605 exsequitur
1143 2543 1461 2603 classemque
1488 2539 1682 2589 revisit.

244 2633 376 2678 Tum
402 2646 522 2678 vero
548 2632 732 2678 Teucri
756 2631 1060 2679 incumbunt
1086 2635 1137 2677 et
1162 2629 1313 2677 litore
1340 2629 1502 2676 celsas

245 2718 506 2765 deducunt
533 2723 640 2765 toto
666 2718 828 2765 navis.
900 2718 1066 2765 Natat
1091 2722 1246 2765 uncta
1270 2716 1459 2777 carina,

245 2804 643 2868 frondentisque
671 2805 848 2852 ferunt
872 2819 1038 2852 remos
1059 2808 1110 2852 et
1135 2804 1317 2851 robora
1341 2802 1489 2852 silvis

1908 536 1983 576 375

1915 1411 1987 1448 385

1916 1847 1989 1884 390

1881 2519 1884 2523 .
1921 2461 1992 2499 395
