2148 3204
224 119 329 173 106
759 136 814 175 P.
861 137 1116 175 VERGILI
1156 136 1438 176 MARoms

224 289 377 337 saepe
397 273 544 337 queri
570 279 622 322 et
645 273 828 336 longas
854 275 908 322 in
933 274 1111 323 fletum
1139 276 1322 323 ducere
1347 292 1498 324 voces
1518 294 1531 338 ;

222 361 489 423 multaque
513 367 782 425 praeterea
805 367 983 409 vatum
1011 362 1278 424 praedicta
1302 363 1533 425 priorum

222 447 447 496 terribili
471 448 673 496 monitu
708 448 1026 496 horrificant.
1098 449 1224 510 Agit
1249 449 1361 512 ipse
1386 451 1649 497 furentem

223 535 277 582 in
304 534 497 584 somnis
523 535 666 583 ferus
693 535 924 597 Aeneas;
964 551 1266 599 semperque
1285 536 1512 599 relinqui

224 622 334 671 sola
358 621 494 683 sibi,1
520 638 719 685 semper
744 622 952 684 longam
973 623 1278 672 incomitata
1297 624 1503 676 videtur

184 709 189 715 ’
221 710 296 757 ire
323 709 460 757 viam
495 714 547 757 et
572 710 758 774 Tyrios
783 710 990 758 deserta
1005 726 1250 773 quaerere
1275 715 1439 760 terra:

222 797 570 844 Eumenidum
596 796 761 845 veluti
787 797 996 846 demens
1021 797 1167 846 videt
1192 799 1400 859 agmina
1423 800 1707 861 Pentheus,

222 889 274 932 et
301 884 460 932 solem
488 884 749 945 geminum
777 889 829 932 et
854 884 1079 947 duplicis
1107 901 1160 933 se
1187 887 1458 934 ostendere
1484 887 1704 948 Thebas,

222 976 312 1019 aut
341 971 782 1032 Agamemnonius
809 971 1008 1019 scaenis
1034 972 1262 1034 agitatus
1290 973 1499 1022 Orestes

221 1063 471 1106 armatam
500 1058 702 1106 facibus
728 1063 945 1106 matrem
972 1064 1023 1106 et
1050 1059 1376 1122 serpentibus
1402 1060 1530 1108 atris

222 1161 339 1194 cum
364 1145 518 1207 fugit,
544 1145 862 1209 ultricesque
889 1147 1072 1194 sedent
1096 1146 1152 1193 in
1176 1145 1357 1194 limine
1383 1146 1558 1200 Dirae.

989 1307 1011 1319 μ·
1040 1315 1065 1324 ..V

221 1309 360 1352 Anna
383 1311 529 1351 builds
553 1323 717 1362 apyre.

287 1408 427 1469 Ergo
450 1407 539 1455 ubi
564 1408 799 1470 concepit
824 1407 1186 1457 furias-evicta
1210 1409 1385 1457 dolore

222 1494 552 1557 decrevitque
580 1495 725 1556 mori,
752 1501 958 1558 tempus
986 1512 1156 1544 secum
1183 1496 1298 1559 ipsa
1322 1498 1636 1561 modumque

221 1581 385 1643 exigit
411 1586 462 1629 et
487 1586 739 1630 maestam
765 1583 921 1631 dictis
949 1583 1192 1644 adgressa
1219 1600 1436 1632 sororem

179 1669 497 1729 ffconsilium
523 1669 670 1716 voltu
697 1669 827 1754 tegit
852 1685 910 1718 ac
936 1687 1082 1733 spem
1107 1671 1279 1719 fronte
1308 1677 1538 1720 serenat:

221 1761 234 1784 ‘
251 1756 452 1816 Inveni,
479 1772 736 1817 germana,
764 1757 903 1805 viam
930 1757 1155 1820 (gratare
1173 1758 1416 1848 sorori),
1494 1760 1497 1761 ⁷

150 1846 156 1854 ²
190 1848 194 1852 '
220 1859 351 1906 quae
376 1843 505 1890 mihi
530 1844 716 1892 reddat
741 1859 857 1891 eum
877 1844 959 1891 vel
985 1861 1043 1892 eo
1068 1861 1147 1893 me
1174 1846 1353 1905 solvat
1364 1850 1640 1896 amantem.

222 1930 411 1978 Oceani
437 1918 592 1978 finem
618 1910 766 1979 iuxta
792 1931 1054 1994 solemque
1073 1933 1342 1980 cadentem

220 2016 438 2064 ultimus
466 2017 784 2080 Aethiopum
811 2019 952 2067 locus
980 2024 1074 2080 est,
1101 2020 1191 2067 ubi
1216 2021 1471 2069 maximus
1489 2021 1642 2070 Atlas

220 2120 367 2169 axem
394 2120 571 2151 umero
594 2109 802 2167 torquet
830 2106 997 2171 stellis
1025 2107 1327 2162 ardentibus
1354 2114 1530 2171 aptum
1555 2128 1565 2157 :

219 2191 340 2239 hinc
365 2191 497 2238 mihi
523 2192 786 2255 Massylae
813 2192 982 2253 gentis
1009 2199 1297 2242 monstrata
1321 2196 1574 2257 sacerdos,

221 2279 570 2341 Hesperidum
597 2280 781 2349 templi
808 2285 994 2340 custos,
1019 2281 1311 2362 epulasque
1330 2282 1562 2363 diaconi

220 2381 350 2427 quae
376 2366 532 2413 dabat
558 2371 611 2413 et
637 2355 805 2415 sacros
829 2366 1105 2415 servabat
1094 2385 1148 2414 1n
1170 2348 1347 2415 albore
1374 2352 1567 2418 ramos
1597 2379 1608 2400 ‘2
1635 2372 1661 2383 ”

219 2467 467 2514 spargens
497 2453 672 2500 umida
697 2454 854 2501 mella
880 2455 1342 2539 soporiferumque
1354 2472 1609 2523 papaver.

220 2539 365 2586 Haec
391 2556 454 2604 30
469 2538 784 2588 calminibus
810 2542 1070 2603 promittit
1091 2520 1288 2589 Solvere
1308 2520 1507 2591 mentes
1559 2541 1582 2548 '⁴
1608 2535 1611 2541 ³

1641 2224 1727 2252 lxv)

1775 2237 1785 2255 s
1836 2239 1843 2250 Ι

1904 897 1978 934 470

1906 1508 1978 1545 475

1902 1944 1976 1982 480

1898 2576 1907 2604 Ι

220 2642 348 2688 quas
374 2626 518 2686 velit,
544 2632 624 2674 ast
651 2626 769 2674 aliis
795 2628 950 2675 duras
977 2628 1257 2676 immittere
1284 2645 1458 2690 euras3
1554 2659 1559 2678 e
1601 2660 1604 2678 ι
1654 2633 1667 2675 t
1718 2628 1801 2666 1⁴0⁴
1841 2637 1975 2685 istm*

222 2712 406 2760 sistere
430 2728 614 2775 aquam
642 2712 814 2762 fluviis
842 2719 893 2761 et
918 2720 1115 2762 vertere
1144 2715 1313 2763 sidera
1337 2721 1473 2764 retro
1488 2735 1501 2779 ;

277 2795 279 2805 ⁴
1017 2823 1050 2859 1.
1084 2823 1175 2860 sibi.
1420 2805 1447 2831 ¹'
