2148 3204
266 122 370 174 132
542 179 544 181 ,
803 139 856 176 P.
901 140 1158 177 VERGILI
1197 139 1478 177 MARONIS

264 276 380 338 Ille,
406 277 551 325 velut
576 277 763 326 celsam
792 283 1058 341 oppugnat
1085 278 1171 341 qui
1200 278 1424 326 molibus
1451 279 1631 327 urbem

264 369 354 411 aut
379 370 625 412 montana
649 365 794 413 sedet
820 365 1010 413 circum
1037 366 1253 414 castella
1277 367 1372 414 sub
1397 366 1568 426 armis,

263 467 398 499 nunc
423 452 533 513 hos,
560 468 695 500 1111110
721 453 838 501 illos
865 453 1038 501 aditus
1066 469 1371 516 omnemque
1397 458 1628 516 pererrat

264 544 372 586 arte
398 539 566 587 locum
593 545 645 587 et
669 540 830 588 variis
858 540 1150 588 adsultibus
1177 541 1366 589 inritus
1392 546 1554 602 urget.

263 626 506 675 Ostendit
532 627 768 675 dextram
794 628 1068 689 insurgens
1095 628 1337 676 Entellus
1364 633 1415 676 et
1440 628 1545 676 alte

262 714 477 776 extulit3
517 714 607 762 ille
633 715 790 763 ictum
823 715 1119 763 venientem
1145 732 1174 764 a
1200 715 1395 764 vertice
1420 716 1574 763 velox

262 801 521 863 praevidit
546 802 802 866 celerique
830 803 1038 866 elapsus
1065 819 1276 866 corpore
1304 804 1490 866 cessit,

262 889 501 937 Entellus
531 890 658 938 viris
687 889 742 938 in
769 896 983 938 ventum
1011 890 1201 939 effudit
1227 896 1279 939 et
1304 891 1444 939 ultro

260 976 369 1038 ipse
395 976 569 1038 gravis
597 979 926 1041 graviterque
953 979 1019 1026 ad
1042 984 1235 1027 terram
1261 980 1488 1042 pondere
1514 984 1663 1027 vasto

261 1043 499 1126 concidit,
526 1071 585 1113 ut
611 1066 871 1128 quondam
898 1082 1026 1114 cava
1050 1067 1278 1114 concidit
1303 1072 1393 1114 aut
1418 1067 1747 1130 Erymantho

260 1157 349 1198 aut
374 1152 471 1221 Ida
495 1152 549 1199 in
575 1169 761 1214 magna
786 1154 1046 1202 radicibus
1073 1159 1222 1202 eruta
1246 1153 1415 1217 pinus.

261 1238 593 1301 Consurgunt
619 1241 808 1289 studiis
836 1242 1020 1289 Teucri
1047 1246 1099 1289 et
1125 1242 1394 1289 Trinacria
1412 1242 1604 1304 pubes3

260 1325 302 1373 it
326 1326 519 1374 clamor
544 1328 698 1398 caelo,
726 1328 1030 1392 primusque
1056 1329 1278 1377 accurrit
1303 1329 1520 1377 Acestes

259 1429 678 1479 aequaevumque
703 1416 767 1464 ab
792 1417 951 1464 humo
976 1417 1229 1465 miserans
1255 1416 1452 1464 attollit
1477 1416 1716 1465 amicum.

259 1584 403 1624 Dares
424 1586 463 1624 is
480 1585 690 1636 defeated.
761 1586 846 1626 The
867 1588 1005 1626 victor
1025 1588 1166 1627 shows
1188 1586 1257 1626 his
1273 1586 1484 1636 strenyth.

324 1680 398 1728 At
420 1696 525 1727 non
550 1682 784 1730 tardatus
811 1698 934 1730 casu
958 1698 1125 1745 neque
1150 1682 1364 1730 territus
1390 1682 1543 1730 heros

259 1767 422 1814 acrior
447 1768 512 1815 ad
536 1784 763 1830 pugnam
790 1769 927 1816 redit
952 1785 1010 1817 ac
1034 1769 1143 1816 vim
1169 1768 1386 1817 suscitat
1409 1768 1503 1817 ira.

258 1856 390 1902 Tum
416 1855 579 1916 pudor
604 1855 837 1904 incendit
861 1856 987 1904 viris
1013 1861 1065 1904 et
1091 1855 1295 1904 conscia
1318 1856 1503 1917 virtus,

259 1942 696 2006 praecipitemque
721 1945 897 1991 Daren
922 1944 1107 1992 ardens
1134 1944 1242 2005 agit
1268 1959 1486 2005 aequore
1512 1948 1635 2004 toto,

259 2045 394 2076 nunc
419 2031 602 2078 dextra
626 2031 950 2092 ingeminans
975 2031 1126 2092 ictus,
1152 2046 1288 2078 nunc
1314 2031 1403 2077 ille
1429 2030 1657 2078 sinistra.

257 2118 369 2165 Nec
393 2133 548 2177 mora,
569 2133 662 2166 nec
689 2119 893 2181 requies
915 2138 925 2180 3
964 2134 1118 2181 quain
1146 2118 1311 2165 multa
1336 2118 1585 2178 grandine
1611 2117 1776 2165 nimbi

258 2205 571 2253 culminibus
598 2206 870 2269 crepitant,
900 2206 973 2254 sic
1000 2205 1174 2253 densis
1200 2205 1390 2252 ictibus
1417 2205 1567 2252 heros

259 2293 431 2340 creber
456 2298 673 2355 utraque
700 2309 857 2341 manu
883 2294 1060 2356 pulsat
1086 2298 1360 2354 versatque
1387 2293 1596 2340 Dareta.

259 2381 391 2426 Tum
418 2384 564 2442 pater
590 2382 791 2428 Aeneas
817 2381 1092 2443 procedere
1119 2379 1323 2440 longius
1351 2379 1454 2427 iras

258 2471 309 2514 et
335 2468 531 2515 saevire
557 2468 744 2515 animis
770 2467 1035 2514 Entellum
1063 2467 1202 2514 haud
1229 2482 1410 2528 passus
1437 2466 1649 2528 acerbis,

259 2555 349 2602 sed
375 2554 528 2601 finem
557 2555 803 2617 imposuit
829 2570 1030 2617 pugnae
1058 2554 1357 2615 fessumque
1384 2554 1578 2601 Dareta

257 2642 464 2703 eripuit,
491 2642 722 2689 mulcens
750 2642 919 2701 dictis,
948 2657 1004 2688 ac
1030 2640 1157 2687 talia
1187 2641 1354 2687 fatur:

259 2733 270 2756 ‘
286 2728 500 2788 Infelix,
529 2744 659 2790 quae
685 2733 833 2775 tanta
857 2728 1085 2775 animuin
1113 2727 1374 2774 dementia
1406 2727 1585 2789 cepit?

256 2815 378 2863 Non
402 2814 529 2862 viris
553 2814 682 2863 alias
713 2829 1060 2876 conversaque
1090 2813 1305 2860 numina
1330 2812 1491 2861 sentis
1510 2814 1536 2860 ?

1943 815 2016 851 445

1940 1252 2014 1288 450

1939 1867 2012 1904 455
