2148 3204
228 133 296 184 20
770 149 823 186 P.
864 149 1120 187 VERGILI
1157 149 1434 188 MAI-zonis

225 286 560 349 ardentisque
586 287 777 334 avertit
802 296 959 350 equos
985 287 1039 335 in
1065 293 1201 337 casti
1205 305 1248 350 a,
1273 288 1577 352 priusquam

225 373 417 436 pabula
441 379 739 436 gustassent
765 375 948 451 Tieiae
974 376 1348 439 Xanthumque
1374 378 1673 431 bibissent

225 461 382 508 Parte
408 460 511 508 alia
535 461 742 522 fugiens
764 463 971 510 amissis
997 462 1203 511 Troilus
1231 472 1404 525 armis,
1665 458 1670 514 ἔ

225 547 412 595 infelix
438 564 565 610 puer
589 553 745 610 atque
772 549 939 612 impar
966 565 1271 611 congiessus
1300 551 1514 614 Achilli,

224 635 391 682 fertur
415 643 562 698 equis
588 645 842 704 curruque
866 637 1045 685 haeret
1070 632 1342 700 resupinus
1370 639 1529 701 inani,

223 722 334 770 lora
358 727 541 771 tenens
566 728 769 785 tainen3
807 724 929 771 huic
955 733 1232 787 cervixque
1258 741 1534 789 comaeque
1560 727 1842 776 trahuntur

223 825 313 872 per
338 815 527 858 terram
556 815 608 858 et
631 820 780 860 versa
799 811 972 874 pulvis
999 812 1299 860 inscribitur
1325 813 1488 862 hasta.

224 897 432 945 Interea
456 898 521 945 ad
544 898 798 961 templum
822 907 928 947 nen
953 914 1145 961 aequae
1170 900 1403 948 Palladis
1429 901 1575 950 ibant

222 984 452 1033 crinibus
479 978 671 1034 Tliades
698 994 867 1049 passis
893 987 1207 1049 peplumque
1232 988 1486 1047 ferebant,

223 1071 528 1134 suppliciter
553 1078 731 1121 tristes
757 1078 808 1121 et
833 1079 1016 1122 tunsae
1043 1080 1251 1137 pectora
1277 1075 1463 1138 palmis
1485 1095 1495 1138 3

221 1159 344 1207 diva
368 1159 476 1208 solo
502 1161 639 1209 fixos
666 1161 840 1209 oculos
865 1169 1046 1210 aversa
1071 1163 1291 1210 tenebat.

220 1247 321 1293 Ter
345 1247 538 1311 circum
565 1241 754 1297 Tliaces
780 1254 1079 1311 iaptaverat
1106 1250 1335 1298 Hect01a
1360 1259 1535 1301 mures

221 1334 619 1397 exanimumque
644 1344 768 1384 auio
793 1352 877 1383 cci
882 1353 979 1399 pus
1007 1338 1261 1386 vendebat
1286 1309 1536 1386 Achilles

221 1422 354 1468 Tum
380 1430 500 1470 veie
527 1422 791 1483 ingentem
817 1424 1068 1485 gemitum
1095 1425 1183 1472 dat
1208 1430 1413 1488 pectore
1439 1427 1503 1474 ab
1527 1434 1645 1487 ime,

220 1514 278 1555 ut
304 1509 483 1570 spolia,
511 1515 569 1557 ut
595 1519 790 1571 currus,
818 1516 977 1572 utque
1005 1511 1177 1574 ipsum
1203 1528 1388 1574 corpus
1414 1521 1568 1560 amici

219 1596 623 1659 tendentemque
650 1606 831 1646 manus
857 1598 1120 1646 Priamum
1150 1600 1420 1662 censpexit
1446 1599 1671 1648 inermis.

221 1683 285 1729 Se
312 1699 513 1746 quoque
540 1685 861 1748 principibus
887 1687 1201 1748 permixtum
1228 1687 1479 1748 adgnevit
1506 1687 1736 1749 Achivis,

219 1763 457 1832 Eeasque
484 1771 619 1819 acies
645 1777 695 1819 et
720 1772 857 1834 nigri
883 1773 1175 1821 Memnonis
1201 1789 1356 1822 arma.

220 1857 380 1905 Ducit
405 1858 783 1906 Amazonidum
810 1860 1004 1908 lunatis
1031 1861 1241 1922 agmina
1265 1861 1423 1924 peltis

219 1944 555 1993 Penthesilea
581 1947 760 1994 furens
788 1948 1073 2010 mediisque
1100 1948 1154 1995 in
1180 1948 1391 1996 milibus
1418 1949 1580 2010 ardet,

219 2045 373 2079 aurea
399 2032 707 2080 subnectens
735 2040 969 2082 exsertae
996 2035 1203 2096 cingula
1227 2051 1496 2097 mammae,

219 2117 479 2180 bellatrix,
507 2120 765 2183 audetque
788 2121 919 2190 viris
945 2137 1247 2171 concurrere
1273 2122 1445 2185 virge.-

219 2342 338 2382 Dz‘do
360 2347 517 2391 enters,
543 2323 763 2383 ancslacer
785 2345 853 2384 the
876 2347 1100 2386 comi-ades
1122 2347 1176 2397 of
1188 2346 1365 2388 Aeneas
1384 2358 1560 2398 appear.

287 2466 431 2514 Haec
457 2467 579 2514 dum
601 2469 864 2517 Dardanio
891 2470 1097 2518 Aeneae
1125 2472 1362 2519 miranda
1386 2471 1643 2534 videntur,

219 2554 340 2601 dum
368 2558 544 2617 stupet
569 2555 854 2617 obtutuque
879 2556 1058 2605 haeret
1085 2558 1294 2606 defixus
1319 2559 1372 2605 in
1398 2566 1516 2618 une,

219 2648 396 2701 regina
421 2641 486 2688 ad
513 2642 779 2704 templum,
808 2644 976 2690 ferina
1002 2644 1352 2706 pulcherrima
1377 2646 1528 2706 Dido,

217 2727 446 2787 incessit,
475 2737 662 2789 magna
686 2729 931 2776 iuvenum
960 2735 1186 2792 stipante
1213 2737 1433 2779 caterva.

217 2814 394 2871 Qualis
422 2814 472 2861 in
500 2815 724 2862 Eurotae
750 2824 876 2878 ripis
904 2821 994 2863 aut
1014 2832 1103 2879 per
1127 2816 1250 2879 iuga
1274 2818 1472 2882 Cynthi

1903 565 1975 602 475

1903 1000 1977 1037 480

1902 1438 1975 1474 485

1902 1870 1974 1908 490

1897 2570 1967 2607 495
