2148 3204
266 103 370 155 172
803 121 858 158 P.
905 121 1160 160 VERGILI
1198 122 1480 162 MARoNIS

262 254 528 305 intentans
555 257 738 319 anguis
765 264 914 307 vocat
939 260 1147 321 agmina
1171 278 1322 310 saeva
1349 278 1596 312 sororum.

262 343 394 390 Tum
422 344 628 392 demum
655 346 926 394 horrisono
953 348 1233 397 stridentes
1258 349 1464 398 cardine
1491 366 1664 399 sacrae

261 431 561 492 panduntur
586 438 776 495 portae.
850 435 1049 496 Cernis,
1071 437 1308 485 custodia
1334 437 1501 500 qualis

261 518 519 567 vestibulo
545 521 735 582 sedeat,
763 522 925 570 facies
952 538 1083 585 quae
1109 523 1294 572 limina
1318 527 1526 573 servet?

260 604 646 668 Quinquaginta
670 609 797 657 atris
823 610 1066 658 immanis
1095 610 1327 660 hiatibus
1353 612 1522 676 hydra

261 693 459 740 saevior
484 693 627 743 intus
654 695 812 745 habet
838 698 1027 746 sedem.
1100 699 1231 745 Tum
1256 701 1503 748 Tartarus
1529 700 1641 764 ipse

259 778 337 828 bis
365 785 510 843 patet
534 781 589 830 in
613 799 858 848 praeceps
884 790 1089 833 tantum
1117 787 1390 850 tenditque
1416 789 1510 836 sub
1536 789 1759 852 umbras,

259 872 483 929 quantus
508 869 573 918 ad
598 871 885 920 aetherium
912 873 1042 921 caeli
1069 880 1340 938 suspectus
1367 875 1662 938 Olympum.

257 954 362 1002 Hic
386 971 548 1017 genus
572 957 847 1022 antiquum
874 962 1076 1022 Terrae,
1107 962 1315 1010 Titania
1339 963 1516 1026 pubes,

257 1041 478 1091 fulmine
503 1045 878 1095 deiecti'fundo
904 1048 1186 1097 volvuntur
1211 1049 1267 1097 in
1291 1050 1409 1099 imo.

257 1129 359 1178 Hic
387 1136 439 1179 et
464 1131 681 1182 Aloidas
708 1135 939 1196 geminos
965 1136 1214 1185 immania
1238 1137 1349 1186 vidi
1520 1197 1522 1200 Ι

253 1232 482 1282 corpora,
508 1220 598 1283 qui
621 1222 861 1271 manibus
882 1239 1126 1286 magnum
1147 1225 1434 1274 rescindere
1461 1225 1662 1276 caelum

255 1305 485 1366 adgressi
511 1308 815 1372 superisque
841 1311 1021 1358 Iovem
1054 1302 1327 1361 detrudere
1356 1314 1540 1375 regnis.

254 1382 377 1441 Vidi
403 1398 453 1441 et
478 1395 701 1445 crudelis
729 1398 939 1446 dantem
968 1399 1241 1448 Salmonea
1267 1416 1472 1464 poenas,

254 1479 375 1527 dum
403 1480 635 1532 flammas
662 1484 803 1533 Iovis
829 1490 881 1534 et
907 1487 1108 1535 sonitus
1136 1487 1372 1536 imitatur
1399 1489 1626 1552 Olympi.
1690 1482 1743 1563 Η

253 1565 507 1624 Quattuor
530 1569 617 1618 hic
641 1570 878 1621 invectus
904 1574 1050 1636 equis
1077 1579 1129 1622 et
1153 1574 1395 1638 lampada
1421 1591 1674 1638 quassans

251 1669 343 1718 per
369 1655 584 1705 Graium
610 1659 827 1722 populos
854 1660 1156 1725 mediaeque
1184 1678 1274 1725 per
1299 1662 1468 1711 Elidis
1494 1663 1672 1713 urbem

251 1740 360 1790 ibat
384 1759 543 1793 ovans
570 1745 851 1810 divumque
878 1748 978 1796 sibi
994 1748 1008 1775 1
1033 1750 1277 1812 poscebat
1303 1749 1565 1812 honorem,

251 1827 476 1892 demens,
503 1831 594 1895 qui
618 1834 821 1883 nimbos
847 1840 899 1884 et
923 1853 1027 1884 nou
1051 1837 1305 1885 imitabile
1332 1836 1534 1886 fulmen

250 1931 366 1965 aere
392 1923 444 1966 et
470 1920 804 1983 cornipedum
830 1923 985 1986 pulsu
1013 1924 1282 1972 simularet
1309 1941 1575 1988 equorum.

250 2004 324 2053 At
348 2011 493 2068 pater
519 2008 846 2071 omnipotens
873 2011 1034 2060 densa
1059 2011 1195 2059 inter
1221 2012 1402 2061 nubila
1427 1996 1610 2063 telum,

249 2094 514 2155 contorsit,
540 2111 644 2142 non
669 2096 756 2144 ille
781 2097 923 2147 faces
938 2084 1040 2146 'nec
1065 2099 1241 2148 fumea
1264 2099 1433 2148 taedis

249 2177 462 2242 lumina,
489 2183 930 2248 praecipitemque
952 2185 1168 2234 immani
1194 2187 1399 2235 turbine
1425 2187 1613 2252 adegit.

248 2265 358 2314 Nec
383 2284 486 2315 non
511 2275 562 2317 et
588 2270 796 2334 Tityon,
824 2274 890 2321 Te
906 2289 1012 2321 <rrae
1038 2273 1410 2337 omniparentis
1447 2274 1729 2340 alumnum,

247 2368 453 2402 cernere
478 2361 601 2418 erat,
630 2373 720 2420 per
745 2364 857 2408 tota
881 2376 1067 2408 novem
1093 2362 1175 2409 cui
1203 2361 1381 2424 iugera
1406 2379 1591 2426 corpus

248 2440 555 2505 porrigitur3
594 2449 860 2508 rostroque
888 2445 1130 2496 immanis
1159 2448 1331 2496 voltur
1356 2450 1555 2498 obunco

247 2526 538 2578 immortale
566 2531 705 2579 iecur
731 2534 952 2583 tondens
980 2535 1303 2598 fecundaque
1330 2535 1510 2600 poenis

247 2614 458 2677 viscera,
485 2616 805 2681 rimaturque
832 2621 1015 2684 epulis,
1043 2622 1349 2685 habitatque
1375 2625 1469 2672 sub
1493 2625 1603 2674 alto

249 2706 466 2764 pectore,
492 2719 584 2752 nec
609 2705 752 2754 fibris
780 2707 985 2770 requies
1013 2708 1167 2756 datur
1193 2709 1300 2757 ulla
1325 2711 1534 2760 renatis.

1045 2815 1082 2854 1.
1116 2815 1214 2854 sibi.

1941 536 2012 576 575

1937 1414 2009 1451 585

1933 1850 2007 1888 590

1932 2289 2003 2327 595
