2148 3204
741 125 1047 166 AENEIDos
1085 124 1204 161 ΗΒ.
1245 123 1287 160 1.
1819 106 1885 158 21

144 276 347 321 exercet
372 273 543 319 Diana
567 268 763 327 chores,
791 281 944 328 quam
973 263 1116 311 mille
1142 266 1345 311 secutae

143 361 264 407 hinc
290 365 443 421 atque
469 358 591 404 hinc
616 355 966 418 glomerantur
993 350 1217 399 Oreades
1238 368 1248 409 ;
1286 348 1380 395 illa
1404 348 1701 410 pharetram
1819 357 1888 392 500

143 448 248 495 fert
273 453 445 501 umere
472 443 813 505 gradiensque
839 439 961 486 deas
987 436 1335 500 supereminet
1359 442 1524 482 omnis
1545 453 1556 495 3

144 536 373 582 Latenae
398 531 615 579 tacitum
641 530 993 591 pertemptant
1019 523 1208 586 gaudia
1232 527 1438 584 pectus:

144 621 267 669 talis
294 624 402 668 erat
426 618 577 676 Dide,
604 616 762 664 talem
790 622 843 662 se
862 613 999 661 laeta
1022 611 1224 659 ferebat

146 724 235 772 per
261 707 470 765 medies,
497 710 698 752 instans
725 709 868 764 operi
892 707 1169 761 regnisque
1194 697 1402 744 futuris.

146 797 273 843 Tum
304 794 502 841 foribus
529 792 693 850 divae,
720 788 891 836 media
915 786 1178 840 testudine
1205 783 1404 846 templi,
1825 790 1897 846 505

74 940 77 943 ¹
148 887 328 944 saepta
353 888 506 928 armis
534 879 765 939 solieque
791 876 894 923 alte
921 874 1143 922 subnixa
1168 870 1375 919 resedit.

148 971 271 1017 Iura
296 969 452 1016 dabat
476 967 718 1027 legesque
744 962 886 1022 viris,
915 974 1228 1023 operumque
1253 958 1480 1005 laberem

148 1056 383 1120 partibus
409 1053 663 1116 aequabat
688 1051 840 1098 iustis
867 1054 956 1097 aut
981 1051 1117 1096 sorte
1143 1045 1397 1104 trahebat,

150 1159 264 1192 cum
292 1142 462 1191 subite
488 1141 691 1187 Aeneas
718 1143 968 1186 concursu
993 1134 1233 1182 accedere
1259 1139 1445 1193 magne

151 1230 361 1279 Anthea
387 1229 784 1289 Sergestumque
810 1223 955 1271 videt
980 1222 1274 1282 fortemque
1300 1218 1613 1267 Cloanthum
1829 1225 1901 1261 510

153 1320 567 1377 Teucrerumque
593 1314 737 1372 alies,
764 1316 875 1359 ater
899 1317 1026 1373 ques
1053 1322 1272 1370 aequore
1296 1306 1448 1354 turbe

155 1405 442 1467 dispulerat
466 1402 778 1465 penitusque
803 1398 932 1446 alias
957 1399 1202 1444 avexerat
1226 1401 1354 1442 eras.

156 1490 424 1554 Obstipuit
451 1488 606 1538 simul
632 1488 755 1550 ipse,
783 1484 940 1534 simul
964 1497 1238 1547 percussus
1266 1480 1496 1529 Achates

156 1578 461 1640 laetitiaque
486 1581 754 1637 metuque3
793 1572 936 1620 avidi
960 1570 1269 1630 coniungere
1295 1568 1505 1615 dextras

158 1666 422 1724 ardebant,
450 1663 540 1712 sed
564 1671 644 1710 res
671 1661 869 1710 animes
894 1657 1160 1719 incognita
1183 1655 1372 1703 turbat.
1834 1659 1906 1696 515

107 1736 111 1740 ¹
160 1752 509 1801 Dissimulant
533 1755 585 1797 et
608 1749 743 1796 nube
769 1754 896 1796 cava
922 1744 1254 1808 speculantur
1279 1742 1471 1800 amicti,

160 1856 290 1904 quae
314 1840 527 1886 fortuna
550 1837 691 1896 viris,
718 1835 936 1883 classem
961 1840 1063 1895 que
1083 1831 1235 1878 litore
1260 1829 1519 1891 linquant,

161 1927 252 1990 qui
283 1983 286 1986 Δ
312 1926 526 1973 veniant
542 1943 553 1985 ;
591 1927 790 1972 cunctis
815 1936 932 1968 nam
960 1920 1085 1967 lecti
1102 1917 1322 1965 navibus
1350 1916 1495 1963 ibant

163 1927 369 2072 essbes
395 2012 600 2060 veniam
627 2014 678 2058 et
702 2008 957 2071 templum
979 2005 1200 2054 clamere
1225 2003 1487 2067 petebant.

164 2184 368 2224 Ilioneus
381 2182 538 2232 pleads
549 2181 629 2232 for
649 2181 719 2220 the
747 2178 946 2228 Trojans.

177 2314 182 2317 -
232 2280 524 2340 Postquam
553 2276 859 2336 intregressi
884 2277 936 2320 et
959 2279 1132 2319 ceram
1159 2269 1282 2317 data
1306 2266 1454 2330 cepia
1478 2265 1640 2326 fandi,
1842 2271 1911 2307 520

167 2365 425 2414 maximus
451 2356 681 2411 Tlioneus
707 2360 912 2423 placide
940 2366 1011 2406 sic
1036 2361 1242 2420 pectore
1268 2353 1464 2416 coepit:

170 2457 182 2480 ‘
200 2446 242 2500 ὓ
266 2459 458 2514 regina,
483 2465 670 2497 novam
695 2447 778 2495 cui
803 2446 1018 2494 condere
1045 2442 1283 2506 Iuppiter
1307 2441 1486 2505 urbem

169 2538 475 2600 iustitiaque
501 2536 646 2584 dedit
671 2538 840 2597 gentis
865 2533 1071 2580 frenare
1098 2529 1358 2593 superbas,

172 2627 331 2674 Trees
355 2629 408 2673 te
428 2624 622 2683 miseri,
648 2626 820 2669 ventis
847 2619 1009 2667 maria
1035 2617 1209 2665 omnia
1234 2620 1385 2675 vecti,

173 2721 377 2761 eramus
399 2730 409 2759 ε
448 2709 664 2774 prohibe
689 2708 931 2755 infandes
958 2713 988 2753 a
1012 2705 1233 2752 navibus
1259 2702 1412 2763 ignis,
1798 2735 1802 2738 ⁴
1843 2705 1915 2742 525

174 2815 326 2865 parce
350 2798 437 2861 pie
462 2804 639 2859 generi
662 2800 713 2843 et
735 2793 951 2858 propius
976 2800 1058 2838 res
1083 2789 1256 2852 aspice
1283 2791 1499 2835 nostras.
