2148 3204
280 174 387 227 134
816 189 868 225 P.
917 187 1173 225 VERGILI
1211 187 1492 226 MARONIs

278 328 487 376 Tertius
512 328 787 391 Eurytion,
812 332 948 387 tuus,
977 323 1006 374 o
1029 326 1333 388 clarissime,
1360 327 1538 388 frater,

277 416 529 476 Pandare,
557 415 646 477 qui
672 415 947 477 quondam,
974 415 1146 462 iussus
1173 415 1488 462 confundere
1514 415 1716 477 foedus,

277 503 332 550 in
359 502 553 550 medios
579 502 741 550 telum
766 501 969 549 torsisti
995 501 1192 564 primus
1220 501 1461 550 Achivos.
1686 481 1690 486 .

277 591 554 638 Extremus
576 589 826 651 galeaque
850 589 954 635 ima
982 588 1227 636 subsedit
1243 588 1473 650 Acestes,

276 693 431 726 ausus
457 682 508 725 et
533 677 646 740 ipse
672 693 826 724 manu
852 677 1098 724 iuvenum
1125 680 1380 739 temptare
1405 676 1648 725 laborem.

283 847 371 886 The
393 858 538 887 arrow
559 847 612 896 os
620 845 798 886 Acestes
820 846 944 886 calces
956 845 1042 894 fire
1063 847 1110 885 in
1133 845 1202 885 the
1225 847 1307 886 air.

341 944 473 989 Tum
499 942 686 989 validis
713 941 874 988 flexos
900 941 1175 988 incurvant
1200 941 1397 989 viribus
1424 957 1571 990 arcus

274 1046 366 1092 pro
394 1045 446 1076 se
473 1029 690 1091 quisque
719 1028 818 1074 viri
846 1032 897 1075 et
923 1028 1234 1090 depromunt
1261 1029 1365 1076 tela
1390 1028 1663 1090 pharetris,

274 1117 541 1179 primaque
569 1132 658 1178 per
682 1116 881 1163 caeluni
908 1131 1067 1162 nervo
1095 1115 1346 1162 stridente
1375 1116 1566 1176 sagitta

274 1204 593 1267 Hyrtacidae
620 1203 824 1250 iuvenis
851 1202 1077 1250 volucris
1105 1202 1398 1250 diverberat
1424 1203 1575 1250 auras

272 1298 323 1338 et
348 1292 492 1338 veuit
518 1291 825 1353 adversique
849 1289 1086 1350 infigitur
1111 1290 1289 1337 arbore
1315 1289 1452 1337 mali.

273 1379 553 1426 Intremuit
579 1378 762 1438 malus,
788 1377 1066 1439 timuitque
1094 1376 1347 1424 exterrita
1373 1376 1548 1439 pinnis

272 1467 394 1527 ales,
422 1471 472 1513 et
499 1465 699 1526 ingenti
726 1470 1008 1513 sonuerunt
1035 1464 1207 1517 omnia
1225 1464 1424 1526 plausu,

271 1555 399 1601 Post
424 1569 538 1601 acer
565 1553 869 1600 Mnestheus
896 1552 1119 1599 adducto
1145 1552 1380 1599 constitit
1406 1568 1541 1612 arcu,

199 1634 203 1638 ⁸
272 1641 380 1690 alta
403 1646 600 1704 petens,
627 1640 923 1703 pariterque
950 1639 1123 1686 oculos
1150 1638 1414 1701 telumque
1440 1640 1677 1688 tetendit.

273 1730 371 1777 Ast
396 1729 561 1791 ipsam
589 1728 911 1775 miserandus
938 1742 1081 1774 avem
1109 1726 1405 1786 contingere
1433 1727 1569 1774 ferro

271 1833 375 1864 non
398 1815 595 1876 valuit3
634 1816 794 1863 nodos
822 1819 873 1862 et
900 1813 1107 1861 vincula
1131 1813 1271 1861 linea
1297 1814 1451 1876 rupit,

271 1905 387 1967 quis
414 1904 609 1951 innexa
633 1903 816 1965 pedem
841 1902 977 1949 malo
1003 1901 1260 1963 pendebat
1284 1902 1348 1948 ab
1372 1901 1505 1963 alt03

271 1991 364 2039 illa
387 1992 553 2038 Notos
567 1990 733 2052 'atque
760 1995 873 2037 atra
897 1988 1077 2036 volans
1104 1988 1158 2034 in
1184 1988 1362 2036 nubila
1387 1989 1538 2049 fugit.

273 2081 401 2126 Tun]
431 2078 657 2140 rapidus,
687 2077 989 2124 iamdudum
1018 2091 1138 2123 arcu
1165 2080 1408 2123 contenta
1434 2084 1616 2138 parato

271 2166 379 2214 tela
401 2170 598 2224 tenens,
627 2165 841 2212 fratrem
867 2163 1126 2226 Eurytion
1151 2161 1206 2209 in
1233 2167 1352 2210 vota
1379 2164 1597 2222 vocavit,

274 2253 376 2301 iam
401 2268 562 2300 vacuo
585 2252 772 2299 laetam
803 2250 942 2298 caelo
970 2249 1278 2312 speculatus,
1307 2254 1358 2297 et
1390 2250 1487 2298 alis

274 2340 605 2403 plaudentem
632 2339 780 2399 nigra
805 2338 918 2398 figit
945 2338 1038 2384 sub
1063 2337 1197 2389 nube
1223 2336 1527 2385 columbam.

275 2427 481 2474 Decidit
507 2426 758 2473 exanimis
786 2426 1049 2486 vitamque
1078 2423 1290 2485 reliquit
1316 2424 1366 2470 in
1396 2424 1552 2472 astris

273 2514 518 2562 aetheriis
545 2513 804 2574 fixamque
831 2512 992 2558 refert
1018 2511 1232 2573 delapsa
1258 2510 1516 2570 sagittam.

276 2601 483 2649 Amissa
507 2601 645 2648 solus
672 2600 842 2661 palma
868 2598 1142 2661 superabat
1168 2598 1403 2659 Acestes,

274 2689 362 2752 qui
389 2694 558 2735 tamen
587 2687 750 2734 aerias
776 2685 934 2732 telum
965 2684 1215 2731 contorsit
1239 2684 1293 2731 in
1319 2700 1485 2745 auius,

275 2780 540 2823 ostentans
566 2778 830 2834 artemque
857 2769 1030 2833 patei-¹
1056 2787 1331 2833 arcumque
1358 2776 1640 2820 sonantem.

1043 2879 1076 2915 1.
1104 2879 1245 2925 patet·-

1957 341 2030 378 495

1957 955 2030 991 500

1952 1389 2026 1426 505

1952 1825 2025 1861 510

1951 2259 2024 2297 515

1946 2695 2019 2733 520
