2148 3204
687 122 997 162 AENEIDOS
1035 122 1155 160 LIB.
1201 122 1266 160 Π.

111 264 212 313 Sed
237 261 363 326 quid
387 277 480 325 ego
505 261 633 310 haec
659 266 830 309 autem
858 259 1176 324 nequiquam
1201 259 1406 322 ingrata
1431 260 1642 310 revolvo
1660 262 1686 309 ⁴?

110 350 309 408 Quidve
334 365 504 397 moror
525 351 550 396 ἱ)
623 348 677 396 Si
703 348 869 398 omnis
895 363 997 395 uno
1024 348 1202 395 ordine
1226 347 1431 396 habetis
1457 347 1687 397 Achivos

110 438 267 499 idque
293 436 471 485 audire
499 441 579 484 sat
605 440 698 497 est,
724 435 1029 500 iamdudum
1057 434 1244 482 sumite
1270 450 1490 497 poenas:

110 524 207 573 hoc
232 523 444 572 Ithacus
471 522 600 571 velit
625 527 676 571 et
701 538 888 584 magno
913 526 1206 570 mercentur
1230 521 1481 571 Atridae.²

112 694 181 734 He
202 694 291 734 had
311 693 492 743 escaped
501 693 626 744 from
649 693 718 733 the
741 693 873 741 altar,
898 691 1023 732 when
1046 691 1181 731 about
1201 696 1242 732 to
1265 691 1313 732 be
1334 691 1574 741 sacrificed.

181 790 313 837 Tum
338 804 459 836 vero
483 788 723 836 ardemus
750 786 927 836 scitari
953 792 1003 835 et
1029 802 1275 849 quaerere
1301 802 1500 849 causaS‚

114 876 281 938 ignari
307 876 559 924 scelerum
583 880 850 923 tantorum
875 874 1106 937 artisque
1131 874 1396 936 Pelasgae.

113 963 454 1026 Prosequitur
478 962 720 1026 pavitans
747 967 798 1010 et
822 962 944 1010 ficto
969 967 1174 1025 pectore
1201 962 1372 1010 fatur:
1581 1018 1598 1030 'l

184 1056 196 1080 ‘
215 1053 376 1114 Saepe
401 1052 581 1114 fugam
607 1051 776 1099 Danai
801 1051 959 1098 Troia
983 1050 1190 1113 cupiere
1217 1050 1399 1099 relicta
1497 1038 1570 1089 s!

116 1138 288 1188 moliri
313 1144 365 1187 et
390 1139 543 1201 longo
562 1139 691 1187 fessi
717 1138 983 1186 discedere
1009 1138 1175 1186 bello:

115 1226 466 1289 fecissentque
491 1226 719 1275 utinam!
792 1226 954 1288 Saepe
982 1225 1101 1274 illos
1129 1241 1315 1289 aspera
1356 1223 1505 1289 ponti

116 1313 411 1362 interclusit
434 1313 600 1362 hiems
628 1318 678 1361 et
703 1312 891 1378 terruit
917 1313 1111 1361 Auster
1136 1312 1309 1361 euntis
1329 1331 1342 1374 3
1448 1370 1450 1373 .

116 1401 405 1466 praecipue,
432 1417 547 1449 cum
573 1401 676 1449 iam
702 1401 784 1448 hic
810 1400 1043 1448 trabibus
1071 1405 1346 1448 contextus
1377 1399 1578 1449 acernis

118 1493 278 1538 staret
303 1504 481 1551 equus,
507 1493 617 1536 toto
643 1493 928 1536 sonuerunt
953 1487 1159 1535 aethere
1184 1486 1366 1537 nimbi.

121 1576 369 1638 Suspensi
393 1575 721 1639 Eurypylum
752 1575 1027 1623 scitantem
1055 1575 1262 1623 oracula
1288 1575 1488 1624 Phoebi

119 1662 392 1724 mittimus,
419 1663 566 1724 isque
593 1661 768 1726 adytis
794 1662 918 1710 haec
943 1662 1118 1710 tristia
1143 1661 1284 1710 dicta
1307 1667 1571 1725 reportat:

123 1749 429 1811 “Sanguine
454 1749 702 1812 placastis
728 1754 912 1797 ventos
938 1754 990 1797 et
1014 1748 1217 1810 virgine
1239 1765 1401 1810 caesa,

121 1852 236 1884 cum
264 1836 487 1899 primum
515 1836 720 1897 Iliacas,
746 1835 930 1897 Danai,
959 1835 1177 1884 venistis
1204 1837 1269 1884 ad
1297 1852 1435 1885 oras:

124 1924 372 1984 sanguine
399 1923 681 1985 quaerendi
706 1923 906 1971 reditus
932 1923 1207 1986 animaque
1233 1923 1493 1971 litandum

123 2010 421 2071 Argolica.⁷'
491 2009 644 2075 Volgi
670 2026 802 2073 quae
828 2026 929 2058 vox
953 2015 1013 2058 ut
1040 2010 1183 2058 venit
1208 2011 1273 2058 ad
1299 2010 1455 2072 auris,

54 2103 56 2105 ’
123 2097 418 2160 obstipuere
444 2097 619 2158 animi,
649 2097 954 2160 gelidusque
979 2113 1071 2161 per
1095 2097 1201 2146 ima
1225 2098 1453 2146 cucurrit
1510 2154 1513 2155 ⁷

124 2200 241 2251 ossa
266 2189 469 2245 tremor,
497 2183 581 2232 cui
607 2185 720 2233 fata
744 2190 943 2247 parent,
974 2200 1126 2247 quem
1153 2188 1333 2248 poscat
1357 2185 1562 2248 Apollo.
1603 2237 1608 2242 ⁴

126 2270 229 2318 Hic
255 2271 468 2319 Ithacus
493 2277 662 2319 vatem
689 2288 876 2332 magno
901 2272 1186 2320 Calchanta
1208 2272 1439 2320 tumultu

126 2357 384 2420 protrahit
403 2359 460 2405 in
483 2358 680 2407 medios
702 2377 712 2419 3
752 2374 882 2421 quae
910 2357 1017 2407 sint
1042 2374 1102 2407 ea
1125 2359 1340 2407 numina
1365 2359 1559 2422 divum,

125 2444 344 2504 flagitat.
415 2445 484 2492 Et
509 2445 639 2492 mihi
664 2445 767 2493 iam
793 2445 946 2493 multi
972 2446 1178 2493 crudele
1205 2446 1458 2494 cauebant

127 2530 343 2579 artificis
371 2531 536 2580 scelus
562 2539 612 2579 et
639 2532 786 2580 taciti
810 2536 1030 2581 ventura
1047 2533 1319 2587 videbant.

127 2617 219 2665 Bis
246 2618 435 2680 quinos
462 2618 582 2666 silet
607 2619 704 2667 ille-
721 2619 833 2667 dies
858 2624 1127 2683 tectusque
1153 2625 1358 2669 recusat

129 2705 344 2766 prodere
367 2721 493 2753 voce
520 2722 613 2754 sua
637 2722 947 2769 quemquam
972 2712 1063 2754 aut
1087 2723 1343 2770 opponere
1369 2706 1536 2756 morti.

129 2790 233 2840 Vix
258 2790 485 2853 tandem,
509 2792 711 2856 magnis
739 2792 911 2841 Ithaci
936 2793 1245 2861 clamoribus
1266 2798 1426 2856 actUS,

1787 108 1857 163 35

1795 799 1863 836 105

1798 1237 1866 1274 110

1801 1674 1870 1711 115

1802 2108 1872 2145 120

1802 2546 1872 2583 125
