2148 3204
717 87 1026 127 AENEIDOS
1065 91 1183 128 LIB.
1220 90 1307 128 VI.

145 228 319 276 fixerit
343 228 635 292 aeripedem
661 244 863 276 cervam
888 228 1024 290 licet,
1052 234 1141 276 aut
1165 227 1480 291 Erymanthi

146 316 343 379 pacarit
367 332 590 376 nemora,
617 320 668 363 et
695 316 913 363 Lernam
939 316 1286 363 tremefecerit
1311 331 1446 377 arcu,

145 420 237 451 nec
264 404 353 466 qui
378 403 668 467 pampineis
693 404 858 451 victor
883 404 1004 464 iuga
1027 404 1190 451 flectit
1216 403 1430 451 habenis

145 493 312 553 Liber,
340 508 496 553 agens
523 492 657 539 celso
681 493 859 555 Nysae
884 492 947 539 de
973 492 1164 539 vertice
1190 491 1357 553 tigris.

144 581 214 627 Et
239 580 537 627 dubitamus
563 579 731 627 adhuc
757 580 1003 626 virtutem
1029 580 1306 627 extendere
1331 578 1488 628 factis

143 672 235 716 aut
259 671 428 715 metus
454 667 687 714 Ausonia
711 643 1259 730 prohibet-consistere
1284 671 1421 714 terra
1439 667 1464 714 ἱ)

152 837 239 877 The
260 838 391 888 kinys
412 837 464 887 of
477 837 631 886 Rome,
657 837 748 876 ancl
768 837 918 876 heroes
939 837 991 887 of
1005 837 1074 876 the
1097 837 1325 886 Repubzz'c.

211 931 335 988 Quis
362 932 540 994 procul
566 931 656 979 ille
682 936 853 979 autem
879 931 1036 979 ramis
1063 931 1284 992 insignis
1311 930 1478 980 olivae

145 1035 288 1068 sacra
311 1020 483 1066 ferens
498 1021 522 1067 ΣΡ
591 1020 763 1066 Nosco
789 1019 944 1066 crinis
971 1019 1257 1080 incanaque
1281 1023 1457 1066 menta

145 1107 280 1168 regis
301 1107 537 1167 Romani,
564 1106 782 1168 primam
811 1107 901 1168 qui
926 1106 1128 1168 legibus
1150 1106 1328 1153 urbem

144 1194 405 1254 fundabit,
434 1193 655 1242 Curibus
682 1195 857 1256 parvis
886 1199 936 1241 et
960 1209 1187 1256 paupere
1212 1198 1352 1241 terra

145 1282 334 1329 missus
359 1280 414 1328 in
439 1280 714 1343 imperium
740 1297 997 1342 magnum.
1071 1281 1167 1330 Cui
1189 1281 1379 1328 'deinde
1406 1279 1603 1329 subibit

145 1369 253 1417 otia
277 1367 368 1431 qui
393 1373 598 1430 rumpet
618 1368 816 1431 patriae
843 1369 1141 1430 residesque
1167 1368 1396 1416 movebit

150 1456 337 1503 Tullus
361 1455 418 1502 111
443 1471 586 1503 arma
611 1456 749 1503 Viros
775 1459 828 1503 et
854 1455 956 1502 iam
983 1455 1197 1503 desueta
1223 1454 1504 1517 triumphis

147 1543 367 1604 agmina.
439 1543 601 1600 Quem
626 1543 774 1591 iuxta
799 1543 1036 1606 sequitur
1061 1543 1337 1590 iactantior
1363 1542 1555 1603 Ancus,

146 1646 282 1678 1111110
309 1646 511 1693 quoque
538 1629 639 1677 iam
666 1629 887 1677 nimium
914 1631 1143 1691 gaudens
1170 1629 1506 1692 popularibus
1533 1627 1689 1678 auris.

147 1717 242 1767 Vis
270 1723 320 1765 et
345 1718 652 1780 Tarquinios
679 1734 840 1779 reges,
867 1718 1196 1780 animamque
1224 1718 1495 1780 superbam

148 1805 334 1853 ultoris
359 1805 514 1853 Bruti
537 1806 809 1868 fascesque
835 1805 1012 1853 videre
1037 1809 1270 1867 receptos
1291 1806 1316 1852 ‘2

150 1892 391 1942 Consulis
417 1891 692 1956 imperium
717 1893 802 1940 1110
827 1893 1026 1956 primus
1054 1907 1335 1954 saevasque
1363 1906 1566 1941 secures

151 1980 370 2043 accipiet
394 1985 645 2043 natosque
669 1984 818 2043 pater
842 1997 978 2028 nova
1002 1980 1138 2028 bella
1162 1978 1421 2027 moventis

152 2068 217 2115 ad
242 2083 459 2130 poenam
484 2068 702 2130 pulchra
725 2084 817 2130 pro
841 2067 1084 2116 libertate
1109 2066 1330 2128 vocabit,

151 2154 356 2215 infelix,
383 2160 661 2217 utcumque
687 2156 858 2203 ferent
883 2171 943 2203 ea
965 2155 1106 2202 facta
1131 2155 1385 2202 minores:

152 2241 326 2290 vincet
352 2258 492 2290 amor
516 2242 716 2305 patriae
740 2242 1056 2304 laudumque
1083 2241 1337 2289 immensa
1361 2240 1563 2303 cupido.

154 2328 288 2385 Quin
313 2329 501 2376 Decios
527 2330 826 2391 Drusosque
851 2329 1029 2391 procul
1058 2324 1370 2390 saevumque
1398 2326 1566 2376 securi

154 2416 326 2478 aspice
352 2417 672 2478 Torquatum
697 2421 747 2464 et
772 2417 1082 2464 referentem
1110 2416 1258 2477 signa
1282 2397 1576 2464 Camillum.

161 2583 327 2625 Caesar
346 2584 439 2625 and
459 2585 663 2634 Pompey.

218 2682 349 2729 Illae
375 2686 561 2741 autem,
590 2680 801 2742 paribus
826 2696 954 2743 quas
979 2678 1181 2741 fulgere
1206 2675 1373 2752 cernis
1398 2676 1453 2722 in
1479 2675 1650 2736 armis,

152 2769 429 2818 concordes
455 2767 656 2814 animae
681 2783 817 2814 nunc
842 2771 894 2815 et
919 2767 1041 2814 dum
1068 2771 1217 2813 nocte
1243 2770 1563 2828 premuntur,

1798 76 1900 129 181

1830 502 1900 539 805

1829 1115 1903 1153 810

1826 1553 1902 1589 815

1829 1988 1902 2025 820

1828 2425 1899 2462 825
