2148 3204
219 139 323 191 118
752 147 807 186 P.
852 144 1110 185 VERGILI
1149 141 1430 181 MARoms

218 293 316 340 hoc
339 305 468 354 puer
492 287 765 348 Ascanius,
794 284 1027 348 sequitur
1052 298 1179 346 quos
1205 286 1375 330 cetera
1392 279 1570 344 pubes.

219 379 317 426 Ille
344 394 369 425 e
396 377 614 425 concilio
640 374 821 422 multis
849 388 962 421 cum
991 371 1203 418 milibus
1231 369 1340 416 ibat

221 467 286 514 ad
308 465 581 524 tumulum,
609 477 798 523 magna
815 459 1018 507 medius
1044 457 1325 505 comitante
1350 460 1571 503 caterva.

223 554 327 601 Hic
352 554 452 600 duo
477 551 575 598 rite
603 565 744 597 mero
768 548 937 595 libans
963 544 1228 594 carchesia
1252 542 1457 591 Baccho

222 640 400 688 fundit
424 637 585 699 humi,
614 638 715 684 duo
740 635 873 683 lacte
899 649 1046 693 novo,
1074 633 1176 680 duo
1203 629 1452 691 sanguine
1480 644 1640 690 sacro,

222 741 611 791 purpureosque
637 723 762 772 iacit
788 722 938 770 flores
966 736 1022 768 ac
1047 719 1178 767 talia
1202 719 1367 766 fatur:
1422 775 1426 780 .

225 815 422 875 ‘Salve,
449 817 625 861 sancte
650 826 853 874 parens,
883 808 1068 856 iterum
1091 826 1101 868 3
1141 805 1353 865 salvete,
1380 802 1576 867 recepti

223 902 534 964 nequiquam
564 899 761 947 cineres
788 897 1094 957 animaeque
1120 893 1432 955 umbraeque
1457 897 1717 954 paternae.

224 991 345 1038 Non
370 988 519 1036 licuit
545 987 664 1034 finis
693 983 857 1033 Italos
882 982 1170 1044 fataliaque
1206 996 1331 1029 arva

224 1093 316 1125 nec
343 1082 513 1124 tecum
538 1073 846 1133 Ausonium,
875 1071 1186 1134 quicumque
1212 1073 1305 1128 est,
1334 1081 1579 1130 quaerere
1605 1061 1894 1128 Thybrim!

225 1165 444 1211 Dixerat
468 1162 609 1221 haec,
637 1161 811 1223 adytis
837 1174 953 1206 611111
980 1156 1208 1205 lubricus
1234 1155 1417 1216 anguis
1443 1152 1654 1202 abvimis

227 1257 424 1314 septem
450 1250 631 1310 ingens
659 1263 827 1310 gyros,
857 1250 1072 1309 septena
1096 1242 1362 1291 volumina
1385 1242 1563 1302 traxit,

227 1339 496 1402 amplexus
523 1335 725 1399 placide
752 1333 1008 1381 tumulum
1038 1332 1315 1394 lapsusque
1340 1345 1431 1392 per
1456 1344 1586 1389 aras,

228 1425 491 1475 caeruleae
517 1424 600 1471 cui
625 1429 771 1482 terga
796 1426 947 1468 notae
975 1419 1266 1467 maculosus
1292 1422 1344 1465 et
1370 1432 1494 1464 auro

229 1528 493 1576 squamam
522 1510 832 1558 incendebat
858 1508 1048 1569 fulgor,
1070 1522 1161 1554 6611
1185 1505 1410 1554 nubibus
1436 1519 1585 1552 arcus

228 1601 372 1648 mille
399 1599 523 1647 iacit
549 1598 720 1646 varios
748 1597 966 1644 adverso
993 1594 1099 1642 sole
1125 1592 1334 1642 colores.

231 1686 499 1750 Obstipuit
525 1686 641 1733 visu
668 1685 887 1731 Aeneas.
965 1681 1064 1729 Ille
1092 1681 1296 1743 agmine
1322 1679 1476 1740 longo

229 1775 438 1823 tandem
464 1774 599 1820 inter
624 1776 828 1835 pateras
855 1774 906 1818 et
930 1768 1069 1817 levia
1092 1768 1277 1831 pocula
1303 1781 1515 1830 serpens

230 1861 517 1923 libavitque
544 1860 717 1922 dapes,
745 1871 1026 1919 rursusque
1052 1855 1296 1903 innoxius
1324 1854 1428 1901 imo

233 1948 479 1998 successit
504 1946 722 2007 tumulo,
752 1949 802 1993 et
824 1946 1039 2007 depasta
1064 1943 1250 1990 altaria
1276 1940 1445 2004 liquit.

234 2038 348 2084 Hoc
374 2035 537 2096 magis
564 2034 798 2096 inceptos
825 2030 1048 2093 genitori
1075 2029 1333 2077 instaurat
1358 2029 1594 2089 honores,

233 2123 475 2182 incertus,
510 2120 783 2182 geniumne
810 2119 909 2166 loci
936 2117 1261 2166 famulumne
1287 2115 1519 2178 parentis

236 2226 345 2259 esse
372 2214 547 2272 putet3
587 2206 756 2255 caedit
781 2206 931 2254 binas
960 2205 1022 2252 de
1049 2219 1188 2251 more
1214 2202 1441 2250 bidentis

235 2303 415 2359 totque
442 2311 572 2356 sues,
599 2295 819 2342 totidem
836 2292 1091 2354 nigrantis
1117 2297 1263 2352 terga
1281 2290 1549 2351 iuvencos;

239 2385 460 2445 vinaque
486 2383 740 2429 fundebat
767 2381 959 2444 pateris
986 2378 1311 2440 animamque
1339 2377 1554 2424 vocabat

241 2471 500 2518 Anchisae
526 2469 701 2531 magni
730 2468 1004 2529 Manisque
1033 2465 1326 2513 Acheronte
1353 2464 1609 2512 remissos.

241 2560 349 2605 Nec
375 2573 476 2604 non
503 2562 556 2604 et
581 2556 722 2616 socii,
751 2570 881 2618 quae
907 2554 1091 2615 cuique
1119 2557 1197 2599 est
1223 2551 1382 2614 copia,
1410 2551 1536 2598 laeti

242 2646 375 2692 dona
400 2644 608 2704 ferunt3
646 2646 861 2690 onerant
887 2656 999 2688 aras
1027 2643 1355 2700 mactantque
1381 2638 1652 2700 iuvencos3

244 2731 422 2778 ordine
449 2737 577 2778 aena
601 2729 775 2776 locant
800 2728 890 2775 alii
917 2726 1125 2788 fusique
1150 2742 1239 2788 per
1265 2707 1472 2772 herbam

246 2818 508 2865 subiciunt
533 2816 738 2864 veribus
766 2830 958 2878 prunas
986 2819 1036 2861 et
1061 2813 1260 2860 viscera
1286 2815 1497 2859 torrent.

1925 373 1975 414 75

1916 2558 1987 2597 100
