2148 3204
699 135 1010 175 AENEIDOS
1049 135 1165 172 LIB.
1212 133 1306 171 111.

131 279 309 329 adnixi
333 281 578 341 torquent
603 291 812 339 spumas
835 279 887 322 et
906 272 1112 322 caerula
1137 280 1364 321 verrunt.

132 368 401 415 Servatum
430 381 493 412 ex
516 362 671 412 undis
694 362 1045 424 Strophadum
1070 375 1151 407 me
1175 359 1329 407 litora
1353 357 1580 421 primum

130 453 410 515 excipiunt.
485 451 802 514 Strophades
830 449 988 498 Graio
1015 452 1157 496 stant
1180 445 1388 494 nomine
1415 446 1583 493 dictae

131 540 330 588 insulae
345 538 361 567 ¹
385 539 533 587 Ionio
548 538 604 585 in
628 553 829 599 magno,
856 551 984 599 quas
1009 536 1124 582 dira
1148 533 1369 582 Celaeno

133 626 501 690 Harpyiaeque
525 625 701 673 colunt
727 624 874 684 aliae,
898 622 1122 670 Phineia
1139 626 1415 684 postquam

132 714 309 763 clausa
333 713 515 761 domus
541 726 850 774 mensasque
876 715 1019 757 metu
1043 709 1239 771 liquere
1265 707 1479 770 priores.

134 801 358 850 Tristius
380 800 521 848 haud
546 798 654 847 illis
679 803 969 846 monstrum
993 812 1086 844 nec
1107 794 1307 844 saevior
1327 793 1439 843 ulla

127 887 295 952 'pestis
322 891 374 936 et
398 886 478 935 ira
503 887 654 935 deum
685 885 884 948 Stygiis
906 900 1015 932 sese
1043 882 1234 931 extulit
1258 881 1430 929 undis.

132 975 367 1037 Virginei
393 974 658 1022 Volucrum
685 972 876 1033 voltus,
904 970 1212 1018 foedissima
1237 967 1434 1017 ventris

132 1063 408 1127 proluvies,
433 1076 699 1124 uncaeque
722 1074 922 1120 manus,
949 1063 1002 1106 et
1023 1057 1221 1123 pallida
1246 1069 1450 1119 semper

134 1167 223 1198 ora
248 1151 402 1198 fame.

134 1239 254 1286 Huc
274 1237 365 1286 ubi
387 1235 547 1285 delati
572 1239 752 1299 portus
778 1233 1106 1294 intravimus,
1133 1247 1248 1281 6666

134 1324 273 1373 laeta
293 1324 448 1373 boum
473 1323 668 1387 passim
695 1322 891 1385 campis
918 1328 1152 1370 armenta
1181 1319 1417 1369 videmus

133 1412 568 1476 caprigenumque
592 1426 749 1474 pecus
775 1409 922 1457 nullo
946 1408 1156 1457 custode
1181 1423 1274 1471 per
1297 1406 1498 1455 herbas.

135 1500 400 1549 Inruimus
425 1498 565 1547 ferro
589 1503 642 1546 et
666 1497 814 1546 divos
839 1497 1115 1560 ipsumque
1139 1509 1381 1542 vocamus

135 1587 192 1636 in
215 1592 416 1650 partem
440 1586 787 1649 praedamque
811 1585 1016 1644 Iovem3
1053 1587 1166 1630 tum
1192 1581 1343 1628 litore
1361 1595 1516 1628 curvo

135 1673 554 1735 exstruimusque
579 1678 718 1720 toros
744 1671 1067 1734 dapibusque
1093 1669 1363 1732 epulamur
1388 1665 1591 1730 opimis.

136 1765 210 1811 At
234 1761 434 1810 subitae
458 1760 701 1808 horrifico
723 1758 876 1821 lapsu
901 1758 964 1806 de
989 1757 1253 1804 montibus
1279 1756 1469 1810 adsunt

137 1848 406 1913 Harpyiae
426 1852 477 1896 et
500 1846 702 1908 magnis
728 1845 973 1908 quatiunt
997 1843 1323 1904 clangoribus
1350 1841 1459 1890 alas

139 1936 495 2000 diripiuntque
521 1934 682 1997 dapes
708 1936 1050 1995 contactuque
1078 1930 1248 1978 omnia
1268 1929 1483 1977 foedant

137 2023 432 2084 immund03
469 2027 580 2071 tum
605 2037 706 2070 vox
729 2024 951 2068 taetrum
980 2018 1093 2067 dira
1116 2017 1252 2065 inter
1278 2017 1501 2064 odorem.

137 2112 363 2159 Rursum
389 2109 446 2157 in
471 2124 674 2158 secessu
697 2108 851 2169 longo
878 2106 973 2155 sub
999 2121 1126 2168 rupe
1162 2108 1348 2152 cavata

139 2197 405 2247 arboribus
430 2195 607 2244 clausa
630 2195 822 2244 circum
848 2198 1003 2257 atque
1034 2191 1365 2240 horrentibus
1390 2187 1586 2239 umbris

138 2283 446 2333 instruimus
471 2298 675 2331 mensas
702 2281 907 2344 arisque
933 2279 1229 2343 reponimus
1257 2277 1424 2338 ignem
1447 2295 1460 2339 ;

138 2387 344 2420 rursum
369 2386 432 2419 ex
456 2370 662 2418 diverso
686 2367 817 2416 caeli
839 2367 1106 2430 caecisque
1139 2364 1353 2413 latebris

138 2458 293 2506 turba
317 2473 502 2506 sonans
529 2455 770 2520 praedam
794 2454 1011 2517 pedibus
1038 2451 1376 2502 circumvolat
1396 2448 1562 2512 uncis,

139 2544 329 2609 polluit
353 2560 438 2592 ore
464 2544 636 2606 dapes.
712 2540 872 2590 Sociis
896 2545 1036 2600 tunc,
1064 2555 1205 2587 arma
1231 2541 1517 2601 capessant,

141 2631 300 2690 edico,
327 2636 379 2679 et
404 2630 517 2678 dira
535 2629 728 2678 bellum
751 2644 863 2676 cum
892 2632 1042 2688 gente
1069 2626 1363 2688 gerendum.

142 2717 300 2766 Haud
326 2732 473 2765 secus
491 2731 550 2765 ac
573 2715 703 2764 iussi
727 2714 930 2762 faciunt
954 2718 1221 2775 tectosque
1245 2728 1335 2774 per
1360 2710 1573 2758 herbam

664 2815 702 2855 1.
734 2810 889 2854 insul}
904 2813 1027 2851 Ionio
1041 2823 1055 2851 :
1078 2811 1345 2850 semi-hiatus

1807 117 1877 172 69

1807 452 1876 491 210
