2148 3204
712 129 1020 169 AENEIDOS
1059 128 1178 166 LIB.
1222 128 1291 166 11.

136 271 453 334 Diffugimus
480 269 926 330 visuexsangues.
999 267 1090 316 Illi
1116 265 1319 329 agmine
1343 269 1483 314 certo

137 361 429 408 Laocoonta
453 362 638 421 petunt
657 375 668 418 ;
710 361 761 405 et
785 356 1006 419 primum
1034 370 1196 418 parva
1220 354 1436 402 duorum

137 462 346 510 corpora
366 450 603 494 natorum
631 459 842 507 serpens
868 443 1138 506 amplexus
1164 446 1382 504 uterque

137 533 375 597 implicat
400 536 451 581 et
477 532 690 581 miseros
717 547 891 579 morsu
916 529 1212 594 depascitur
1237 533 1409 589 artus3

138 625 256 684 post
281 620 469 684 ipsum,
497 619 693 668 auxilio
721 619 1025 667 subeuntem
1052 633 1109 666 ac
1134 617 1242 665 tela
1266 617 1537 676 ferentem,

138 708 426 770 corripiunt
451 707 708 769 spirisque
733 706 901 768 ligant
926 698 1223 766 ingentibus
1246 723 1254 751 :
1283 709 1334 751 et
1359 702 1464 750 iam

1575 426 1614 446 l

143 795 218 844 bis
244 794 471 842 medium
498 793 740 856 amplexi,
767 793 846 841 bis
871 792 1004 840 collo
1031 806 1275 854 squamea
1298 790 1492 838 circum

139 887 285 944 terga
310 881 436 942 dati,
464 885 710 943 superant
735 880 904 942 capite
931 883 981 927 et
1007 878 1292 927 cervicibus
1318 877 1458 927 altis.

141 969 239 1016 Ille
267 968 421 1017 simul
449 968 687 1016 manibus
713 968 885 1015 tendit
911 966 1161 1014 divellere
1186 965 1363 1027 nodos,

104 1102 110 1106 .
140 1056 382 1119 perfusus
409 1055 552 1103 sanie
577 1055 737 1103 vittas
764 1059 979 1117 atroque
1004 1069 1219 1114 veneno,

141 1143 388 1191 clamores
414 1142 568 1190 simul
595 1142 877 1190 horrendos
902 1142 967 1189 ad
993 1141 1163 1189 sidera
1185 1140 1341 1202 tollit,

142 1229 312 1293 qualis
337 1229 585 1290 mugitus,
612 1229 750 1290 fugit
776 1245 893 1276 cum
920 1229 1125 1277 saucius
1151 1244 1293 1276 aram

141 1322 320 1365 taurus
346 1321 398 1364 et
422 1317 673 1364 incertam
699 1315 928 1364 excussit
955 1316 1153 1381 cervice
1180 1315 1417 1364 securim.

143 1404 217 1452 At
242 1404 435 1465 gemini
459 1403 608 1466 lapsu
637 1403 853 1451 delubra
878 1403 943 1451 ad
970 1419 1171 1451 summa
1195 1403 1442 1451 dracones

144 1491 403 1552 effugiunt
431 1505 717 1552 saevaeque
742 1495 930 1553 petunt
957 1489 1241 1537 Tritonidis
1267 1505 1450 1548 arcem,

146 1578 240 1627 sub
265 1577 587 1641 pedibusque
615 1577 739 1625 deae
764 1576 1022 1640 clipeique
1050 1577 1146 1624 sub
1171 1574 1291 1625 orbe
1316 1581 1575 1638 teguntur.

154 1747 240 1788 The
268 1747 454 1798 Trojans
475 1748 596 1787 draw
616 1747 686 1788 the
707 1747 833 1787 horse
855 1748 948 1787 into
972 1746 1041 1787 the
1062 1748 1160 1797 city.

214 1844 346 1890 Tum
371 1859 493 1891 vero
526 1843 834 1891 tremefacta
860 1858 1023 1890 novus
1049 1858 1141 1906 per
1164 1846 1374 1905 pectora
1399 1840 1600 1891 cunctis

148 1929 380 1978 insinuat
404 1946 579 1993 pavor,
606 1935 658 1977 et
684 1929 850 1979 scelus
878 1929 1185 1993 expendisse
1210 1934 1494 1977 merentem

148 2018 444 2066 Laocoonta
467 2018 659 2078 ferunt,
687 2033 885 2066 sacrum
913 2017 1004 2079 qui
1028 2017 1241 2080 cuspide
1267 2017 1421 2064 robur

151 2097 360 2146 laeserit
384 2102 436 2145 et
459 2102 606 2159 tergo
621 2097 935 2150 ,sceleratam
962 2096 1228 2146 intorserit
1252 2097 1473 2146 hastam.

151 2178 456 2226 Ducendum
482 2178 548 2225 ad
573 2178 720 2226 sedes
746 2177 1079 2226 simulacrum
1103 2177 1398 2240 orandaque
1423 2176 1574 2226 divae

152 2264 365 2312 numina
388 2265 726 2314 conclamant.

154 2351 450 2400 Dividimus
477 2368 648 2400 muros
675 2357 726 2401 et
751 2352 956 2400 moenia
978 2352 1256 2416 pandimus
1279 2351 1440 2401 urbis.

155 2438 450 2500 Accingunt
476 2455 649 2488 omnes
676 2439 819 2502 operi
845 2439 1164 2503 pedibusque
1189 2445 1418 2488 rotarum

159 2525 421 2574 subiciunt
444 2525 621 2589 lapsus
648 2531 698 2574 et
725 2531 945 2589 stuppea
968 2526 1179 2575 vincula
1202 2527 1336 2575 collo

157 2611 453 2676 intendunt.
527 2613 741 2661 Scandit
766 2613 946 2662 fatalis
971 2613 1212 2662 machina
1242 2630 1432 2675 muros,

159 2699 270 2746 feta
294 2697 469 2747 armis.
539 2699 697 2747 Pueri
722 2700 914 2747 circum
939 2700 1292 2763 innuptaeque
1316 2701 1521 2763 puellae

162 2800 307 2833 sacra
329 2789 524 2833 canunt
548 2786 830 2849 funemque
856 2802 1013 2834 manu
1038 2787 1334 2848 contingere
1362 2788 1621 2849 gaudent3

1812 111 1878 163 39

1813 534 1884 571 215

1816 972 1889 1008 220

1819 1411 1890 1447 2⁶25

1824 2028 1894 2065 230

1827 2449 1897 2487 235
