2148 3204
250 111 352 164 108
783 127 842 166 P.·
884 129 1145 166 VERGILI
1183 130 1465 167 MARONIS

246 270 588 324 unum-‚exuta
611 267 795 329 pedem
822 267 1024 329 vinclis,
1051 268 1107 315 in
1131 258 1274 317 veste
1301 269 1542 330 recincta,

246 356 470 400 testatur
495 354 748 402 moritura
773 355 892 403 deos
920 360 971 402 et
996 344 1202 403 conscia
1226 356 1326 404 fati

246 439 445 502 sidera3
484 445 610 501 tum,
639 441 683 489 si
708 440 847 503 quod
870 458 975 489 non
999 458 1163 504 aequo
1188 432 1396 491 foedere
1421 444 1644 493 amantis

1274 510 1332 530 5⁴

244 541 396 575 curae
420 543 611 575 numen
635 528 792 576 habet
816 528 1115 593 iustumque
1141 518 1451 594 memorque,
1479 536 1730 595 precatur.

243 696 404 737 Dido’s
425 699 585 748 misem
607 699 697 738 and
715 711 922 740 remorse.

309 793 431 841 Nox
457 779 581 855 erat,
610 799 661 842 et
686 794 948 857 placidum
974 796 1256 859 carpebant
1280 797 1421 845 fessa
1447 813 1679 860 soporem

242 895 457 942 corpora
479 897 570 943 per
595 886 775 943 terras,
804 882 1070 946 silvaeque
1097 889 1150 932 et
1176 900 1330 932 saeva
1355 885 1596 947 quierant

242 981 477 1029 aequora,
500 982 615 1014 cum
643 968 813 1015 medio
838 969 1122 1017 volvuntur
1149 970 1320 1018 sidera
1344 969 1510 1033 lapsu,

242 1069 358 1102 cum
383 1058 520 1102 tacet
546 1055 711 1102 omnis
738 1070 872 1115 ager,
900 1055 1124 1117 pecudes
1151 1055 1421 1117 pictaeque
1447 1055 1697 1116 volucres,

242 1157 475 1204 quaeque
502 1141 644 1189 lacus
670 1141 774 1189 late
800 1141 1043 1204 liquidos,
1071 1157 1305 1204 quaeque
1330 1158 1523 1204 aspera,
1539 1142 1711 1190 dumis

240 1245 361 1276 rura
384 1233 577 1289 tenent,
607 1244 784 1276 somno
807 1229 1010 1291 positae
1037 1230 1132 1277 sub
1155 1234 1305 1277 nocte
1331 1229 1524 1277 silenti.

245 1315 531 1380 [Lenibant
556 1332 702 1365 curas
731 1321 782 1364 et
808 1317 963 1365 corda
987 1317 1150 1365 oblita
1171 1317 1451 1383 laborum]

240 1403 314 1451 At
338 1419 440 1452 non
466 1404 654 1451 infelix
680 1404 843 1452 animi
869 1405 1172 1466 Phoenissa,
1199 1421 1366 1468 neque
1392 1421 1639 1467 umquam

241 1491 460 1540 solvitur
486 1492 540 1539 in
566 1508 786 1553 somnos,
815 1493 1043 1541 oculisve
1068 1497 1158 1541 aut
1183 1498 1387 1556 pectore
1413 1498 1617 1540 noctem

240 1579 456 1642 accipit3
495 1579 820 1641 ingeminant
844 1596 1011 1641 curae,
1037 1596 1319 1643 rursusque
1343 1596 1617 1641 resurgens

241 1666 408 1714 saevit
433 1682 588 1727 amor,
611 1682 900 1730 magnoque
926 1667 1122 1715 irarum
1146 1667 1366 1715 fluctuat
1391 1672 1550 1715 aestU.

242 1753 325 1801 Sic
351 1753 479 1802 adeo
505 1754 707 1802 insistit
735 1770 1010 1818 secumque
1036 1754 1112 1803 ita
1137 1755 1288 1803 corde
1314 1754 1545 1803 volutat:

242 1844 254 1868 ‘
272 1841 369 1901 En,
398 1841 525 1903 quid
550 1857 644 1902 ago
666 1843 690 1888 ?
762 1843 1033 1890 Rursusne
1057 1858 1238 1905 procos
1263 1841 1426 1889 inrisa
1450 1842 1649 1904 priores

241 1928 490 1990 experiar,
517 1929 918 1992 Nomadumque
945 1935 1121 1992 petam
1146 1929 1366 1977 conubia
1394 1929 1630 1991 supplex,

242 2031 368 2078 quos
395 2031 488 2077 ego
514 2016 607 2063 sim
638 2016 830 2065 totiens
857 2016 961 2064 iam
988 2016 1270 2078 dedignata
1294 2016 1508 2064 maritos
1528 2018 1553 2064 ⁴?

241 2102 430 2150 Iliacas
456 2102 618 2164 igitur
642 2103 824 2152 classis
852 2108 1008 2166 atque
1033 2104 1221 2151 ultima
1239 2105 1493 2151 Teucrum

241 2188 383 2237 iussa
408 2205 593 2251 sequar
615 2192 640 2237 ἶ)
710 2190 907 2248 Quiane
933 2190 1128 2238 auxilio
1153 2190 1300 2238 iuvat
1325 2196 1443 2238 ante
1457 2190 1663 2240 ‘levatos

241 2282 293 2323 et
317 2276 442 2324 bene
469 2277 607 2339 apud
632 2293 882 2326 memores
908 2277 1098 2325 veteris
1125 2283 1229 2325 stat
1254 2277 1421 2338 gratia
1445 2278 1617 2326 facti?

241 2363 367 2420 Quis
394 2379 473 2411 me
499 2370 687 2425 autem,
715 2365 799 2413 fac
824 2364 973 2425 velle,
1002 2365 1139 2413 sinet
1172 2364 1436 2412 ratibusve
1463 2365 1698 2427 superbis

241 2450 464 2498 invisam
491 2451 710 2514 accipiet
728 2454 752 2499 ?
823 2452 1009 2500 Nescis
1037 2451 1152 2511 heu,
1180 2452 1398 2514 perdita,
1425 2452 1646 2500 necdum

243 2537 656 2587 Laomedonteae
683 2539 845 2587 sentis
874 2539 1103 2601 periuria
1128 2537 1299 2600 gentis
1323 2540 1347 2585 ?

242 2624 379 2681 Quid
404 2629 515 2672 tum
534 2626 559 2672 ?
631 2625 752 2673 Sola
772 2626 897 2687 fuga
922 2630 1108 2673 nautas
1135 2626 1417 2673 comitabor
1441 2626 1646 2674 ovantis
1668 2627 1694 2674 ἱ)

244 2711 329 2757 An
354 2711 528 2774 Tyriis
555 2712 797 2774 omnique
823 2728 978 2759 manu
1006 2712 1201 2774 stipata
1227 2728 1454 2759 meorum

243 2797 438 2846 inferar
464 2802 530 2859 et,
561 2813 692 2860 quos
720 2797 935 2846 Sidonia
962 2798 1050 2845 vix
1075 2799 1201 2846 urbe
1227 2799 1426 2859 revelli,

1929 455 1999 492 52⁰

1926 1067 1999 1102 525

1926 1505 1999 1541 530
