2148 3204
712 127 1021 166 AENEIDOS
1060 126 1179 161 LIB.
1226 123 1310 161 VI.

152 304 242 344 The
254 302 476 353 prophecy
497 300 550 350 of
564 299 632 339 che
657 297 793 346 Sibyl.

210 406 283 453 At
306 402 504 451 Phoebi
529 400 757 448 nondum
782 398 1001 461 patiens,
1026 393 1270 443 immanis
1295 392 1350 439 in
1375 395 1526 440 antro

144 492 422 542 bacchatur
447 494 607 549 vates,
637 502 880 547 magnum
908 485 952 532 si
978 488 1181 546 pectore
1207 480 1375 544 possit

145 578 435 629 excussisse
461 577 611 624 deum
632 594 642 636 3
681 578 827 622 tanto
854 571 1018 632 magis
1044 570 1133 617 ille
1159 568 1350 628 fatigat

147 684 202 716 os
228 666 479 725 rabidum,
506 664 619 710 fera
645 661 798 710 corda
823 661 1054 718 domans,
1082 656 1336 718 fingitque
1361 652 1655 717 premendo.

149 754 297 803 Ostia
320 753 525 813 iamque
551 751 732 797 domus
753 752 965 810 patuere
990 743 1225 806 ingentia
1249 747 1454 790 centum

149 846 332 904 sponte
358 855 451 888 sua
475 837 712 899 vatisque
738 836 917 882 ferunt
941 846 1189 895 responsa
1215 845 1303 892 per
1329 843 1507 876 auras:

152 929 221 977 ‘O
247 927 459 975 tandem
484 924 686 985 magnis
712 922 884 985 pelagi
909 920 1153 968 defuncte
1180 915 1390 980 periclis

154 1016 266 1080 (sed
289 1020 457 1062 terrae
483 1011 721 1074 graviora
744 1009 996 1071 manent),
1023 1006 1079 1053 in
1106 1020 1264 1067 regna
1287 1002 1476 1051 Lavini

152 1101 479 1151 Dardanidae
508 1098 716 1147 venient
746 1096 916 1159 (mitte
941 1095 1074 1142 hanc
1099 1093 1162 1140 de
1188 1096 1392 1154 pectore
1418 1089 1647 1153 curam);

153 1191 244 1238 sed
267 1205 371 1237 non
395 1192 447 1235 et
472 1186 676 1234 venisse
701 1183 892 1231 volent.
965 1181 1128 1241 Bella,
1154 1178 1366 1226 horrida
1389 1176 1528 1224 bella

155 1283 206 1325 et
230 1275 484 1340 Thybrim
509 1273 674 1320 multo
701 1274 1026 1334 spumantem
1057 1266 1307 1328 sanguine
1333 1280 1498 1313 cerno.

153 1366 276 1413 Non
302 1362 488 1411 Simois
514 1360 613 1408 tibi
638 1375 732 1406 nec
756 1357 1000 1405 Xanthus
1026 1371 1119 1402 nec
1145 1346 1334 1401 Dorica
1358 1352 1533 1399 castra

157 1450 448 1510 defuerint3
487 1448 622 1496 alius
649 1446 802 1494 Latio
826 1445 930 1492 iam
955 1448 1136 1506 partus
1163 1440 1411 1500 Achilles,

157 1544 310 1587 natus
336 1542 387 1586 et
411 1537 521 1599 ipse
549 1535 668 1595 dea3
707 1548 801 1580 nec
828 1531 1040 1579 Teucris
1069 1529 1248 1577 addita
1272 1528 1406 1574 Iuno

159 1641 378 1688 usquam
403 1622 583 1683 aberit,
612 1637 728 1669 cum
751 1625 811 1668 tu
838 1618 1058 1681 supplex
1082 1616 1139 1663 in
1162 1616 1312 1663 rebus
1334 1613 1510 1676 egenis

161 1729 288 1775 quas
316 1710 484 1773 gentis
511 1709 707 1757 Italum
732 1712 822 1756 aut
847 1721 976 1769 quas
1001 1720 1106 1752 non
1130 1702 1356 1750 oraveris
1381 1701 1535 1748 urbes
1556 1701 1567 1748 1

162 1801 330 1849 Causa
353 1798 480 1846 mali
505 1796 641 1845 tanti
665 1795 892 1844 coniunx
915 1793 1105 1841 iterum
1130 1789 1340 1853 hospita
1365 1787 1578 1835 Teucris

163 1885 469 1948 externique
495 1884 685 1932 iterum
710 1880 947 1930 thalami.

163 1976 245 2022 Tu
267 1989 332 2021 ne
357 1973 478 2021 cede
505 1971 670 2031 malis,
698 1970 788 2018 sed
812 1972 993 2016 contra
1017 1964 1288 2015 audentior
1313 1963 1402 2024 ito,
1460 1994 1489 2000 ψ

166 2077 321 2124 quam
344 2065 437 2108 tua
460 2065 512 2107 te
536 2059 769 2105 Fortuna
789 2056 944 2104 sinet.
1017 2054 1118 2102 Via
1142 2053 1310 2116 prima
1335 2049 1537 2110 salutis,

167 2149 306 2212 quod
330 2147 544 2194 minime
569 2144 714 2205 reris,
742 2140 931 2193 Graia¹
954 2141 1213 2205 pandetur
1238 2139 1302 2186 ab
1328 2137 1481 2186 urbe.²

168 2303 344 2344 Aeneas
366 2314 515 2343 craves
530 2301 799 2351 permission
823 2303 865 2338 to
886 2297 990 2337 visit
1008 2294 1225 2336 Anchises
1248 2296 1293 2333 in
1316 2293 1384 2333 che
1407 2293 1539 2331 lower
1559 2289 1708 2330 world.

236 2405 450 2453 Talibus
477 2420 540 2451 ex
565 2403 724 2465 adyto
750 2399 905 2448 dictis
931 2399 1157 2448 Cumaea
1184 2394 1383 2457 Sibylla

170 2491 454 2540 horrendas
482 2489 622 2538 canit
647 2487 889 2548 ambages
916 2490 1166 2546 antroque
1193 2480 1429 2541 remugit,

172 2578 404 2627 obscuris
430 2593 552 2625 vera
575 2574 873 2634 involvens3
912 2588 973 2620 ea
994 2572 1145 2618 frena
1168 2567 1366 2616 furenti

174 2665 405 2714 concutit
429 2668 482 2712 et
507 2661 745 2711 stimulos
772 2660 868 2708 sub
891 2663 1096 2722 pectore
1121 2655 1281 2703 vertit
1305 2653 1511 2717 Apollo.

175 2753 252 2802 Ut
276 2750 504 2814 primum
528 2748 686 2797 cessit
710 2748 854 2794 furor
880 2750 933 2793 et
956 2744 1136 2792 rabida
1160 2758 1248 2789 ora
1271 2741 1529 2803 quierunt,

700 2846 737 2882 1.
777 2843 930 2882 Graia:
956 2842 1063 2880 with
1080 2838 1353 2878 consonantal
1371 2838 1402 2875 ἰ.

1786 105 1889 156 153

1851 660 1897 696 80

1858 1096 1905 1131 85

1869 1970 1916 2006 95

1853 2573 1918 2608 100
