2148 3204
734 148 1040 187 AENEIDOS
1080 147 1201 183 LIB.
1245 146 1340 184 ΙΙΙ.

165 295 371 345 ‘Vivite
397 291 594 352 felices,
622 289 808 354 quibus
835 293 914 337 est
939 287 1153 335 fortuna
1177 288 1386 348 peracta

165 382 268 431 iam
296 397 415 442 sua3
446 395 548 430 nos
574 378 678 426 alia
703 394 765 424 ex
792 376 909 423 aliis
933 375 990 421 in
1015 375 1128 421 fata
1153 388 1410 421 vocamur.

165 469 326 519 Vobis
352 472 504 531 parta
528 465 704 528 quies3
743 462 945 510 nullum
973 460 1130 508 maris
1159 475 1348 521 aequor
1374 456 1642 516 arandum,

168 573 293 606 arva
317 569 484 618 neque
509 551 774 601 Ausoniae
799 565 1000 612 semper
1026 546 1262 595 cedentia
1286 550 1423 593 retro

170 637 480 707 quaerenda.
554 638 789 701 Effigiem
817 634 1020 684 Xanthi
1046 634 1354 695 Troiamque
1380 630 1587 691 videtis,

170 747 326 795 quam
351 735 552 777 vestrae
577 727 745 774 fecere
771 740 970 784 manus,
996 721 1311 781 melioribus,
1339 724 1474 782 opto,

171 817 417 881 auspiciis
444 821 495 863 et
520 829 651 878 quae
676 812 838 860 fuerit
863 810 1035 858 minus
1062 808 1214 857 obvia
1240 807 1406 856 Grais.

173 906 228 955 Si
254 905 460 968 quando
484 901 737 965 Thybrim
763 899 1039 960 vicinaque
1066 895 1349 959 Thybridis
1375 909 1501 942 arva

172 993 368 1041 intraro
394 989 638 1052 gentique
663 1003 806 1034 meae
833 986 955 1033 data
979 983 1182 1032 moenia
1207 998 1427 1042 cernam,

172 1083 416 1141 cognatas
443 1077 594 1124 urbes
620 1075 744 1123 olim
770 1072 1092 1136 populosque
1120 1070 1456 1133 propinquos,

174 1166 349 1230 Epiro,
377 1163 650 1227 Hesperia,
678 1161 865 1223 quibus
892 1159 1030 1206 idem
1057 1158 1332 1205 Dardanus
1361 1161 1538 1204 auctor

175 1260 330 1316 atque
355 1251 489 1299 idem
520 1265 684 1310 casus,
710 1263 866 1295 unam
892 1245 1144 1293 faciemus
1170 1249 1444 1305 utramque

177 1340 383 1388 Troiam
403 1337 619 1399 animis;
660 1339 866 1383 maneat
889 1338 1092 1381 nostros
1120 1347 1179 1379 ea
1202 1347 1325 1379 cura
1348 1329 1595 1394 nepotes.'

177 1512 296 1560 Italy
316 1514 364 1550 ac
385 1511 482 1549 last.
549 1506 757 1555 Sacrifice
780 1504 942 1554 offered
962 1508 1009 1543 at
1034 1501 1241 1543 Castrum
1263 1502 1504 1541 Minervae.

244 1604 588 1654 Provehimur
612 1601 796 1665 pelago
821 1599 995 1647 vicina
1020 1597 1278 1647 Ceraunia
1301 1586 1546 1656 iuxtaJ*”'‘
1597 1579 1607 1586 ’

178 1693 316 1742 unde
341 1691 440 1739 iter
464 1689 678 1738 Ttaliam
702 1701 985 1748 cursusque
1010 1683 1349 1733 brevissimus
1373 1681 1546 1730 undis.

182 1780 269 1829 Sol
293 1779 400 1827 ruit
424 1777 623 1825 interea
648 1780 698 1823 et
724 1778 923 1822 montes
947 1773 1256 1821 umbrantur
1282 1769 1441 1833 opaci.

159 1866 473 1916 'Sternimur
498 1868 705 1927 optatae
731 1860 924 1923 gremio
949 1859 1154 1907 telluris
1180 1859 1246 1906 ad
1272 1858 1480 1918 undam,

182 1952 355 2003 sortiti
379 1967 560 2012 remos,
588 1949 883 2013 passimque
908 1946 964 1994 in
988 1947 1138 1994 litore
1167 1946 1301 1994 sicco

182 2056 396 2104 corpora
419 2053 686 2099 curamus3
723 2036 890 2084 fessos
918 2050 1068 2097 sopor
1094 2033 1286 2094 inrigat
1312 2038 1506 2112 artus4r

181 2128 420 2180 Necdum
444 2125 618 2173 orbem
640 2122 868 2171 medium
892 2122 1014 2170 Nox
1040 2120 1200 2168 Horis
1227 2125 1342 2168 acta
1368 2118 1603 2167 subibat.

183 2215 325 2264 haud
351 2213 522 2275 segnis
549 2216 713 2260 strato
740 2209 907 2271 surgit
930 2209 1210 2257 Palinurus
1236 2212 1288 2254 et
1314 2205 1481 2255 omnis

185 2302 422 2365 explorat
446 2304 628 2348 ventos
655 2303 810 2360 atque
837 2297 1047 2345 auribus
1074 2302 1193 2343 aera
1219 2298 1410 2357 captat,

188 2389 358 2438 sidera
382 2391 567 2436 cuncta
590 2390 736 2433 notat
760 2384 920 2432 tacito
945 2382 1175 2431 labentia
1200 2381 1355 2442 caelo,

187 2477 470 2524 Arcturum
493 2473 802 2537 pluviasque
829 2471 1048 2534 Hyadas
1076 2469 1411 2531 geminosque
1437 2466 1671 2528 Triones,

188 2567 544 2624 armatumque
570 2576 693 2608 auro
717 2557 1068 2621 circumspicit
1090 2557 1300 2606 Oriona.

188 2651 473 2719 Postquam
497 2652 684 2695 cuncta
707 2646 853 2693 Videt
877 2645 1017 2693 caelo
1047 2649 1281 2691 constare
1307 2657 1500 2703 sereno,

189 2737 280 2784 dat
304 2721 499 2783 ciarum
523 2750 549 2782 e
575 2731 739 2796 puppi
765 2731 998 2793 signum3
1036 2747 1129 2779 nos
1156 2735 1323 2778 castra
1346 2742 1611 2776 movemus

189 2826 607 2886 temptamusque
633 2819 772 2867 viam
798 2823 850 2867 et
873 2818 1107 2866 velorum
1131 2815 1407 2879 pandimus
1432 2814 1556 2863 alas.

1849 127 1913 180 79

1847 464 1919 500 495

1862 1949 1937 1988 510

1865 2384 1939 2423 515

1869 2820 1943 2858 520
