2148 3204
21 3141 51 3204 p„
22 3111 26 3123 ..

746 127 1054 166 AENEIDOS
1102 127 1221 164 LIB.
1265 125 1359 163 111.

183 268 400 318 Iunonis
425 283 642 329 magnae
667 266 892 330 primum
921 280 1068 328 prece
1095 279 1286 310 numen
1314 263 1484 322 adora,

183 355 373 404 Iunoni
398 371 521 403 cane
548 359 669 402 vota
693 353 861 401 libens
889 352 1251 412 dominamque
1278 355 1542 412 potentem

185 442 505 505 supplicibus
534 457 720 504 supera
744 439 924 488 donis:
963 439 1037 487 sic
1063 437 1286 499 denique
1312 436 1479 483 victor

186 530 451 578 Trinacria
477 529 595 576 finis
623 527 785 576 Italos
811 526 1017 574 mittere
1044 524 1238 573 relicta.

187 618 305 664 Huc
330 617 419 664 ubi
443 616 647 663 delatus
673 616 951 664 Cumaeam
978 612 1253 661 accesseris
1279 611 1458 659 urbem

187 704 493 766 divinosque
519 703 661 750 lacus
688 706 740 749 et
765 702 976 748 Averna
1001 699 1240 747 sonantia
1266 696 1430 759 Silvis,

186 791 420 839 insanam
448 795 621 838 vatem
646 789 880 852 aspicies,
909 803 1039 850 quae
1065 803 1190 848 rupe
1217 786 1312 834 sub
1337 784 1443 833 ima

187 880 300 926 fata
324 877 464 926 canit
489 877 736 939 foliisque
762 881 912 923 notas
938 879 990 922 et
1015 874 1227 921 nomina
1251 871 1478 921 mandat.

188 967 549 1028 Quaecumque
574 964 629 1011 in
655 964 798 1012 foliis
826 962 1103 1024 descripsit
1129 960 1356 1009 carmina
1381 960 1541 1021 virgo,

189 1049 379 1114 digerit
404 1053 461 1100 in
484 1068 754 1099 numerum
782 1056 938 1112 atque
964 1054 1115 1097 antro
1142 1047 1342 1096 seclusa
1367 1045 1632 1108 relinquit.

190 1141 293 1188 Illa
317 1145 528 1188 manent
553 1139 769 1186 immota
792 1137 919 1185 locis
946 1152 1111 1199 neque
1138 1135 1201 1183 ab
1227 1135 1406 1182 ordine
1431 1134 1653 1194 cedunt3

189 1244 367 1275 verum
396 1227 587 1287 eadem,
614 1241 764 1274 verso
789 1224 963 1272 tenuis
989 1239 1105 1271 cum
1132 1223 1338 1270 cardine
1364 1225 1552 1268 ventus

190 1314 402 1378 impulit
427 1320 479 1362 et
502 1319 706 1362 teneras
731 1311 965 1360 turbavit
990 1311 1146 1358 ianua
1170 1309 1396 1369 frondes,

191 1418 472 1465 numquam
500 1388 686 1449 deinde
713 1416 837 1447 cavo
861 1397 1139 1445 volitantia
1164 1397 1413 1460 prendere
1439 1410 1564 1443 saxo

192 1506 284 1537 nec
310 1505 547 1537 revocare
574 1488 707 1536 situs
733 1493 823 1535 aut
849 1486 1061 1546 iungere
1090 1484 1318 1532 carmina
1343 1487 1518 1543 curat3

193 1575 475 1625 inconsulti
500 1577 691 1624 abeunt
717 1575 994 1635 sedemque
1021 1573 1170 1619 odere
1198 1570 1441 1633 Sibyllae.

196 1664 298 1712 Hic
323 1663 423 1711 tibi
447 1679 511 1710 ne
537 1679 640 1725 qua
664 1677 835 1709 morae
861 1659 1060 1707 fuerint
1087 1658 1360 1720 dispendia
1384 1656 1537 1717 tanti,

195 1751 431 1814 quamvis
457 1750 772 1812 increpitent
800 1747 924 1796 socii
950 1752 1001 1794 et
1029 1747 1080 1793 vi
1106 1762 1284 1794 cursus
1310 1745 1364 1792 in
1391 1744 1554 1792 altum

195 1838 312 1886 vela
338 1842 484 1885 vocet
509 1838 777 1900 possisque
806 1835 949 1884 sinus
976 1834 1191 1897 implere
1219 1832 1484 1891 secundos,

198 1925 327 1988 quin
349 1926 504 1974 adeas
530 1929 704 1972 vatem
728 1922 1071 1986 precibusque
1099 1920 1305 1968 oracula
1329 1934 1511 1981 poscas

197 2013 314 2076 ipsa
336 2017 488 2060 canat
513 2026 792 2072 vocemque
820 2010 997 2057 volens
1024 2017 1179 2070 atque
1205 2023 1293 2054 ora
1317 2006 1556 2053 resolvat.

198 2098 304 2148 Illa
326 2100 424 2148 tibi
448 2099 635 2147 Italiae
661 2097 877 2161 populos
902 2101 1223 2157 venturaque
1250 2093 1386 2141 bella

200 2193 251 2235 et
277 2203 377 2250 quo
405 2202 659 2249 quemque
685 2186 835 2232 modo
860 2183 1138 2244 fugiasque
1164 2182 1404 2242 ferasque
1429 2179 1672 2240 laborem,

201 2274 442 2337 expediet
468 2280 749 2335 cursusque
775 2270 920 2319 dabit
945 2275 1191 2317 venerata
1217 2268 1484 2316 secundos.

154 2355 158 2359 ⁴
202 2362 347 2408 Haec
374 2365 509 2421 sunt,
538 2375 669 2422 quae
693 2364 872 2406 nostra
894 2357 1051 2406 liceat
1076 2361 1128 2404 te
1154 2371 1275 2403 voce
1301 2353 1514 2402 moneri.

202 2448 348 2497 Vade
374 2463 466 2509 age
493 2452 545 2495 et
569 2447 832 2508 ingentem
857 2444 1016 2493 factis
1041 2444 1122 2491 fer
1148 2442 1214 2491 ad
1241 2442 1452 2495 aethera
1476 2438 1719 2489 Troiam!
1751 2493 1764 2504 Ι,

206 2611 407 2650 Helenus
426 2611 544 2660 qives
566 2608 796 2649 themrz'ch
819 2608 942 2659 φῆτε.

274 2706 414 2761 Quae
439 2709 715 2767 postquam
739 2708 884 2751 vates
912 2702 986 2750 sic
1012 2717 1097 2749 ore
1122 2701 1309 2748 effatus
1336 2698 1502 2747 amico
1526 2702 1621 2759 est,

209 2792 341 2840 dona
365 2791 552 2838 dehinc
571 2806 694 2838 auro
719 2789 920 2851 gravia¹
947 2793 1186 2849 sectoque
1213 2786 1490 2848 elephanto

953 2883 989 2919 1.
1024 2880 1197 2928 9]ἀυίιί

1862 105 1930 162 77

1869 966 1941 1002 445

1874 1401 1945 1437 450

1876 1839 1948 1875 455
