2148 3204
193 141 262 194 76
731 151 789 191 Ρ.
832 151 1093 190 VERGILI
1130 150 1411 189 MARONIS

193 292 402 343 hostilis
428 291 591 341 facies
618 296 852 339 occurrat
878 296 929 338 et
954 290 1128 338 omina
1159 289 1345 338 turbet.

196 383 350 430 Hunc
378 380 504 430 socii
530 395 725 427 morem
752 395 1028 438 sacrorum,
1052 379 1192 425 ‘hunc
1219 377 1331 440 ipse
1355 381 1548 439 teneto,

194 471 290 518 hac
315 469 446 517 casti
471 472 715 516 maneant
742 465 798 513 in
822 466 1072 527 religione
1097 471 1324 528 nepotes.

195 557 295 605 Ast
321 556 410 606 ubi
437 556 727 618 digressum
757 554 959 602 Siculae
985 559 1037 601 te
1063 551 1351 601 admoverit
1377 567 1494 600 orae

197 650 380 693 ventus
407 649 458 692 et
483 643 692 705 angusti
720 646 982 690 rarescent
1008 640 1237 688 claustra
1262 639 1452 701 Pelori,

193 734 341 781 laeva
364 730 494 780 tibi1
517 730 673 779 tellus
700 735 753 778 et
778 730 931 790 longo
958 729 1108 777 laeva
1131 732 1378 791 petantur

194 837 417 884 aequora
441 818 687 880 circuitu3
718 819 957 865 dextrum
984 817 1107 878 fuge
1133 816 1259 864 litus
1286 820 1336 863 et
1360 815 1542 864 undas.

195 910 341 956 Haec
365 908 478 955 loca
501 906 554 954 vi
581 906 839 970 quondam
869 910 921 952 et
946 912 1096 952 vasta
1121 903 1365 951 convolsa
1389 903 1542 950 ruina

196 996 421 1060 (tantum
447 994 562 1043 aevi
586 993 875 1055 longinqua
900 991 1042 1040 valet
1067 997 1268 1039 mutare
1293 992 1550 1056 vetustas)

193 1081 486 1132 dissiluisse
513 1082 707 1142 ferunt,
735 1097 853 1128 cum
879 1079 1119 1143 protinus
1145 1083 1367 1141 utraque
1390 1077 1550 1126 tellus

193 1187 298 1220 una
320 1171 487 1233 foret3
516 1170 662 1218 venit
689 1169 860 1216 medio
887 1168 940 1215 vi
966 1173 1157 1231 pontus
1183 1173 1236 1214 et
1264 1166 1419 1214 undis

196 1258 510 1322 Hesperium
539 1257 711 1306 Siculo
738 1257 876 1304 latus
904 1255 1129 1304 abscidit
1155 1269 1380 1316 arvaque
1406 1257 1458 1301 et
1482 1251 1634 1301 urbes

195 1347 346 1395 litore
374 1346 611 1394 diductas
639 1350 860 1407 angusto
887 1343 1127 1391 interluit
1154 1347 1314 1390 aestu.

195 1436 446 1482 Dextrum
479 1433 656 1498 Scylla
680 1433 834 1492 latus,
863 1432 1072 1480 laevum
1097 1429 1378 1492 implacata
1403 1427 1694 1492 Charybdis

197 1522 399 1571 obsidet
425 1525 581 1584 atque
607 1521 712 1568 imo
737 1518 971 1568 barathri
997 1523 1076 1566 ter
1103 1517 1306 1579 gurgite
1331 1521 1508 1565 vastos

197 1611 369 1659 sorbet
394 1609 451 1657 in
476 1610 757 1672 abruptum
783 1607 973 1655 fluctus
1002 1621 1281 1668 rursusque
1310 1604 1405 1652 sub
1431 1619 1583 1652 auras

196 1698 350 1759 erigit
376 1697 603 1745 alternos
632 1702 683 1744 et
710 1696 882 1744 sidera
906 1695 1145 1742 verberat
1170 1693 1324 1741 unda.

195 1786 269 1834 At
297 1785 525 1849 Scyllam
552 1783 719 1832 caecis
748 1783 956 1831 cohibet
983 1782 1230 1844 spelunca
1255 1778 1469 1828 latebris

197 1889 284 1921 ora
310 1877 660 1920 exsertantem
689 1876 741 1919 et
767 1869 916 1918 navis
943 1870 995 1916 in
1026 1885 1151 1917 saxa
1174 1868 1485 1916 trahentem.

197 1961 375 2008 Prima
399 1959 626 2007 hominis
655 1959 818 2006 facies
845 1962 897 2005 et
924 1957 1141 2020 pulchro
1168 1960 1372 2018 pectore
1398 1953 1546 2016 virgo

197 2049 330 2112 pube
356 2052 525 2108 tenus,
554 2052 817 2110 postrema
842 2044 1057 2092 immani
1082 2058 1292 2106 corpore
1318 2040 1524 2105 pistrix,

198 2135 507 2198 delphinum
534 2135 725 2182 caudas
754 2137 900 2181 utero
927 2131 1201 2180 commissa
1224 2129 1479 2192 luporum.

198 2224 440 2271 Praestat
469 2221 727 2269 Trinacrii
755 2226 920 2268 metas
947 2219 1171 2267 lustrare
1199 2215 1435 2281 Pachyni

197 2315 483 2359 cessantem
512 2309 692 2370 longos
721 2313 772 2356 et
799 2306 1200 2355 circumflectere
1227 2320 1423 2365 cursus,

200 2413 354 2461 quam
381 2396 539 2445 semel
566 2396 844 2443 insomnem
872 2399 1019 2442 vasto
1045 2392 1241 2441 vidisse
1270 2392 1364 2440 sub
1389 2395 1536 2439 antro

202 2485 428 2548 Scyllam
455 2489 506 2532 et
533 2483 782 2531 caeruleis
811 2482 1026 2530 canibus
1054 2478 1352 2529 resonantia
1378 2494 1517 2528 saxa.

201 2574 489 2631 Praeterea,
519 2571 562 2619 si
592 2587 694 2633 qua
720 2575 800 2617 est
829 2569 1030 2616 Heleno
1056 2567 1348 2630 prudentia,
1377 2563 1488 2613 vati

202 2660 245 2708 si
267 2675 374 2726 ‘qua
399 2658 544 2718 fides,
575 2659 803 2705 animum
832 2656 876 2704 31
904 2656 1041 2703 veris
1067 2655 1253 2717 implet
1282 2652 1486 2716 Apollo,

201 2763 361 2794 unum
390 2745 524 2792 illud
550 2744 664 2804 tibi7
689 2753 808 2791 nate
836 2744 945 2802 dea,
974 2757 1168 2804 proque
1198 2741 1435 2788 omnibus
1462 2754 1625 2786 unum

202 2832 500 2897 praedicam
527 2836 579 2879 et
603 2835 842 2893 repetens
869 2829 1161 2891 iterumque
1189 2828 1482 2888 iterumque
1507 2824 1753 2873 monebo:

998 2923 1035 2960 1.
1073 2921 1166 2960 tibi.

1878 562 1949 599 410

1879 999 1952 1035 415
2006 967 2009 970 Α

1884 1437 1956 1474 420

1884 1873 1958 1910 425

1886 2311 1959 2349 430

1884 2745 1954 2781 435
