2148 3204
696 111 1006 152 AENEIDOS
1044 109 1163 145 Lm.
1200 106 1282 141 VI.

116 260 416 325 Deiphobus
442 262 650 306 contra:
692 259 703 281 ⁴
719 254 800 300 Ne
829 249 984 309 saevi,
1011 261 1197 307 magna
1223 241 1489 300 sacerdos3

117 349 391 406 discedam,
419 343 634 406 explebo
659 354 929 387 numerum
956 335 1243 393 reddarque
1268 326 1512 376 tenebris.

117 438 144 483 1
172 437 340 493 decus,
367 433 400 493 i,
426 435 691 488 nostrum3
731 424 1029 473 melioribus
1056 425 1200 467 utere
1227 414 1387 463 fatis.⁹

119 525 344 571 Tantum
369 519 572 578 effatus,
601 521 653 563 et
677 514 734 561 in
758 512 914 559 verbo
939 505 1162 567 vestigia
1184 501 1354 551 torsit.
1571 507 1606 535 ’κ
1622 486 1637 493 ..
1701 486 1704 490 ’

129 693 344 733 Tartarus
365 688 456 728 and
475 687 544 727 the
565 687 740 724 simzers
761 682 880 721 there
901 678 1115 727 sufferiny
1128 672 1432 724 punishment.

190 783 427 847 Respicit
453 784 655 829 Aeneas
684 774 855 826 subito
882 779 933 821 et
960 773 1054 821 sub
1080 754 1206 832 rupe
1231 766 1448 816 sinistra

124 872 328 921 moenia
350 870 458 918 lata
484 868 641 927 videt,
671 862 866 926 triplici
890 858 1209 909 circumdata
1234 868 1393 912 muro,

126 976 256 1024 quae
280 958 492 1020 rapidus
518 951 740 1001 flammis
767 948 929 998 ambit
953 943 1270 994 torrentibus
1296 938 1480 998 amnis,

127 1050 404 1095 Tartareus
429 1040 771 1102 Phlegethon,
797 1039 1107 1097 torquetque
1134 1027 1372 1078 sonantia
1397 1039 1538 1073 saxa.

128 1137 288 1183 Porta
312 1133 544 1189 adversa,
571 1128 767 1188 ingens,
798 1123 1065 1183 solidoque
1090 1119 1364 1166 adamante
1389 1112 1672 1168 columnae,

131 1221 210 1269 vis
235 1225 294 1267 ut
321 1218 466 1266 nulla
491 1216 674 1275 virum,
699 1228 805 1259 non
828 1209 931 1272 ipsi
958 1205 1258 1256 exscindere
1283 1200 1419 1249 bello

131 1307 402 1357 caelicolae
427 1304 663 1362 valeant3
702 1304 807 1349 stat
832 1298 1002 1344 ferrea
1024 1292 1182 1341 turris
1209 1290 1274 1337 ad
1299 1302 1463 1345 auras,

133 1395 519 1458 Tisiphoneque
546 1390 744 1448 sedens,
770 1384 912 1449 palla
937 1380 1201 1430 succincta
1224 1378 1451 1433 cruenta,

134 1481 450 1531 vestibulum
475 1475 736 1526 exsomnis
765 1476 936 1521 servat
961 1473 1240 1528 noctesque
1266 1462 1492 1522 diesque.

139 1554 276 1618 Hinc
303 1565 538 1616 exaudiri
565 1563 801 1625 gemitus,
829 1564 880 1606 et
907 1572 1059 1606 saeva
1085 1567 1265 1601 sonare

138 1658 365 1716 verbera,
392 1660 504 1702 tum
530 1651 721 1699 stridor
747 1646 874 1695 ferri
898 1648 1195 1702 tiactaeque
1223 1641 1445 1685 catenae.

142 1742 390 1794 Constitit
415 1742 618 1788 Aeneas
647 1735 970 1798 strepituque
997 1726 1276 1777 exterritus
1301 1704 1485 1770 haesit.

143 1832 312 1888 ‘Quae
339 1829 587 1878 scelerum
612 1823 772 1872 facies
792 1824 817 1869 ἶ)
889 1819 930 1867 O
957 1817 1119 1877 virgo,
1146 1813 1326 1861 effare:
1367 1808 1621 1871 quibusve

143 1922 391 1980 urgentur
415 1901 595 1978 poenis
614 1914 638 1960 ?
711 1907 835 1967 Quis
861 1910 1039 1954 tantus
1065 1902 1282 1965 plangor
1308 1897 1372 1945 ad
1398 1909 1548 1943 auras
1570 1895 1595 1940 ?
1611 1892 1625 1916 ’

147 2007 277 2054 Tum
303 2008 449 2052 vates
478 2001 552 2049 sic
576 2014 691 2047 orsa
713 1993 887 2058 loqui:
926 1997 938 2022 ‘
958 1993 1079 2039 Dux
1103 1987 1296 2036 inclute
1323 1985 1593 2040 Teucrum,

146 2092 280 2141 nulli
304 2091 386 2138 fas
412 2093 553 2137 casto
574 2085 880 2135 sceleratum
906 2079 1146 2127 insistere
1170 2074 1327 2121 limen
1350 2089 1362 2132 3

151 2180 242 2228 sed
266 2193 347 2225 me
373 2193 485 2224 cum
512 2174 643 2222 lucis
670 2172 870 2219 Hecate
896 2163 1149 2230 praefecit
1175 2157 1415 2217 Avernis,

150 2267 265 2329 ipsa
289 2265 441 2312 deum
466 2276 656 2325 poenas
682 2257 856 2306 docuit
881 2267 1073 2317 perque
1099 2247 1272 2297 omnia
1298 2243 1461 2293 duxit.

154 2351 381 2402 Gnosius
405 2349 530 2403 haec
555 2341 990 2394 Rhadamanthus
1016 2337 1174 2385 habet
1200 2331 1480 2381 durissima
1503 2341 1662 2388 regna

153 2438 476 2499 castigatque
501 2434 750 2494 auditque
774 2429 919 2477 dolos
947 2423 1244 2485 subigitque:
1270 2416 1443 2474 fateri,

155 2541 287 2589 quae
312 2523 428 2586 quis
454 2521 593 2585 apud
617 2532 844 2580 superos,
871 2515 1012 2562 furto
1036 2512 1261 2558 laetatrs
1287 2503 1447 2563 inani,

158 2611 364 2660 distulit
388 2609 443 2656 in
469 2623 631 2656 seram
659 2602 933 2653 commissa
957 2597 1164 2662 piacula
1192 2597 1422 2640 mortem.

159 2697 417 2747 Continuo
442 2693 606 2743 sontis
632 2690 794 2740 ultrix
821 2687 1051 2736 accincta
1074 2680 1280 2743 flagess'lo

162 2783 444 2847 Tisiphone
462 2779 640 2844 'quatit
665 2775 939 2833 insultans,
965 2777 1242 2830 torvosque
1268 2763 1480 2824 sinistra

1754 82 1857 136 171

1787 329 1862 368 545

1805 940 1876 976 550

1794 1346 1885 1411 '555

1834 2646 1901 2714 5τό
