2148 3204
733 126 1038 165 AENEIDOS
1078 125 1195 161 LIB.
1240 124 1281 160 1.
1852 112 1883 163 9

139 270 392 322 Censtitit
415 269 501 317 hic
527 282 803 329 arcumque
829 273 986 313 manu
1011 263 1295 325 celerisque
1322 261 1539 323 sagittas

139 357 406 421 corripuit,
431 357 575 404 fidus
602 370 733 417 quae
760 353 865 401 tela
891 352 1099 414 gerebat
1124 350 1367 409 Achates,

141 447 481 507 ductcresque
508 442 646 506 ipscs
673 448 912 504 primum,
940 438 1113 501 capita
1133 437 1241 485 alta
1264 437 1483 483 ferentis

141 531 380 581 cornibus
407 531 648 589 arboreis,
677 527 877 587 sternit,
905 531 1017 574 tuin
1041 525 1224 585 volgus
1252 529 1302 570 et
1327 538 1530 570 omnem
1820 531 1888 568 190

141 619 323 667 miscet
349 626 504 679 agens
538 615 657 664 telis
682 630 895 662 nemora
918 613 1055 660 inter
1080 610 1296 659 frondea
1320 610 1588 709 ‘fissrbafflgjae

1568 661 1595 723 θ
1618 755 1622 759 ,

144 810 355 857 corpora
378 793 568 840 fundat
593 792 740 839 humi
765 796 816 838 et
839 805 1112 837 numerum
1137 803 1250 835 cum
1278 786 1499 834 navibus
1526 788 1729 847 aequet.
1760 826 1765 829 ,
1832 827 1838 830 .

142 722 234 754 nec
260 705 404 768 prius
431 703 653 763 absistit,
682 718 836 764 quam
865 706 1061 763 septem
1087 698 1322 759 ingentia
1345 695 1510 744 Victor

145 882 286 930 Hinc
310 886 518 944 portum
544 879 679 942 petit
705 883 756 926 et
781 877 945 926 socies
982 881 1206 939 partitur
1231 874 1286 920 in
1311 880 1492 921 omnis.

144 970 281 1018 Vina
304 969 467 1016 bonus
493 981 623 1030 quae
650 965 858 1013 deinde1
882 963 1024 1012 cadis
1052 965 1288 1010 onerarat
1316 961 1530 1008 Acestes
1825 967 1896 1004 195

145 1056 298 1104 litore
322 1054 590 1102 Trinacric')
617 1053 929 1114 dederatque
954 1048 1268 1098 abeuntibus
1294 1048 1462 1107 heres,

146 1142 351 1212 dividit,
379 1147 432 1190 et
461 1142 615 1189 dictis
638 1139 922 1188 maerentia
945 1142 1156 1201 pectora
1179 1135 1372 1183 mulcet
1394 1153 1403 1182 ε

216 1223 288 1279 (Γ)
309 1229 435 1278 sccii
462 1219 651 1292 (neque
676 1226 815 1275 enim
841 1226 1011 1287 ignari
1037 1239 1213 1273 sumus
1240 1227 1358 1270 ante
1385 1220 1679 1285 malcrum),

149 1327 178 1367 ὁ
203 1325 345 1381 passi
369 1296 793 1379 gravicraJdabit
820 1298 944 1360 deus
972 1313 1055 1359 his
1082 1326 1283 1374 quoque
1310 1310 1486 1356 finem.

148 1407 255 1454 Vcs
281 1410 332 1452 et
360 1403 650 1467 Scyllaeam
675 1401 871 1449 rabiem
896 1399 1207 1463 penitusque
1232 1401 1465 1445 sonantis
1827 1401 1900 1438 206

150 1492 367 1542 accestis
393 1489 647 1553 scopulcs‚
673 1497 765 1537 vcs
791 1493 843 1536 et
869 1487 1117 1550 Cyclcpia
1142 1501 1267 1534 saxa

151 1585 378 1642 experti;
400 1582 655 1625 revocate
681 1576 879 1624 animcs
907 1578 1265 1634 maestumque
1293 1571 1534 1619 timerem

151 1666 346 1715 mittite
368 1685 378 1727 3
415 1666 594 1713 forsan
620 1668 672 1712 et
695 1664 821 1711 haec
848 1662 970 1710 clim
998 1659 1295 1707 meminisse
1323 1657 1540 1706 iuvabit.

151 1756 252 1802 Per
276 1753 447 1802 varies
472 1759 639 1812 casus,
665 1755 757 1813 pei·
779 1754 859 1797 tot
885 1747 1187 1796 discrimina
1211 1754 1380 1793 rerum

151 1841 414 1890 tendimus
439 1839 496 1887 in
520 1837 746 1898 Latium,
775 1837 922 1885 sedes
946 1835 1038 1883 ubi
1062 1835 1175 1882 fata
1199 1832 1401 1896 quietas
1831 1838 1904 1874 205

154 1928 465 1989 ostendunt3
503 1925 613 1993 iilic
637 1925 720 1973 fas
746 1932 904 1985 regna
929 1936 1197 1982 resurgere
1225 1919 1423 1968 Trciae.

111 2017 117 2040 ³
154 2017 352 2064 Durate
375 2018 427 2062 et
452 2017 651 2062 vcsmet
674 2011 829 2060 rebus
855 2014 1056 2059 servate
1084 2007 1354 2056 secundis!

118 2181 123 2185 '
164 2177 254 2218 The
283 2176 470 2227 Trojans
483 2175 673 2226 partake
694 2175 748 2226 of
759 2174 874 2225 food
893 2173 984 2213 ancl
1002 2182 1163 2212 τηουγη
1184 2171 1265 2222 for
1287 2170 1356 2210 the
1377 2170 1473 2208 lost.

226 2264 375 2320 Talia
397 2279 522 2319 vcce
547 2270 722 2329 refert,
750 2276 990 2331 curisque
1017 2265 1316 2328 ingentibus
1343 2279 1494 2325 aeger

160 2376 300 2423 spem
327 2358 476 2406 voltu
502 2357 730 2417 simulat,
757 2354 1139 2419 premitaltum
1165 2353 1316 2400 corde
1343 2350 1589 2398 dolerem.
1614 2393 1649 2420 s

158 2446 252 2494 1115
277 2454 332 2495 se
357 2445 574 2508 praedae
601 2443 877 2504 accingunt
902 2442 1224 2504 dapibusque
1251 2439 1445 2486 futuris
1466 2456 1477 2498 ;
1836 2442 1905 2480 210

158 2514 365 2593 tergora
387 2531 655 2594 deripiunt
679 2511 842 2578 costis*
863 2533 914 2577 et
939 2537 1136 2576 viscera
1159 2527 1374 2585 nudant,

159 2636 280 2683 pars
305 2619 361 2666 in
384 2619 554 2667 frusta
580 2621 756 2666 secant
782 2615 1091 2677 veribusque
1116 2612 1394 2661 trementia
1418 2611 1608 2671 figunt,

161 2706 312 2754 litore
337 2713 467 2754 aena
489 2704 663 2752 locant
686 2702 779 2751 alii
803 2702 1137 2763 flammasque
1164 2699 1477 2747 ministrant.

918 2813 954 2849 1.
982 2799 1145 2850 ᾱῖἱηᾶρ,
