<?xml version="1.0" encoding="UTF-8"?>
<!DOCTYPE html PUBLIC "-//W3C//DTD XHTML 1.0 Transitional//EN"
    "http://www.w3.org/TR/xhtml1/DTD/xhtml1-transitional.dtd">
<html xmlns="http://www.w3.org/1999/xhtml" xml:lang="en" lang="en">
 <head>
  <title>
</title>
<meta http-equiv="Content-Type" content="text/html;charset=utf-8" />
  <meta name='ocr-system' content='tesseract 3.04.00' />
  <meta name='ocr-capabilities' content='ocr_page ocr_carea ocr_par ocr_line ocrx_word'/>
</head>
<body>
  <div class='ocr_page' id='page_1' title='image "./virgilsaeneidboo00virgrich_0207.png"; bbox 0 0 2148 3204; ppageno 0'>
   <div class='ocr_carea' id='block_1_1' title="bbox 772 575 1247 656">
    <p class='ocr_par' dir='ltr' id='par_1_1' title="bbox 772 575 1247 656">
     <span class='ocr_line' id='line_1_1' title="bbox 772 575 1247 656; baseline 0 -13"><span class='ocrx_word' id='word_1_1' title='bbox 772 578 962 644; x_wconf 86' lang='lat' dir='ltr'>AEN</span> <span class='ocrx_word' id='word_1_2' title='bbox 962 575 1247 656; x_wconf 78' lang='lat' dir='ltr'>EIDOS</span> 
     </span>
    </p>
   </div>
   <div class='ocr_carea' id='block_1_2' title="bbox 844 784 1166 833">
    <p class='ocr_par' dir='ltr' id='par_1_2' title="bbox 844 784 1166 833">
     <span class='ocr_line' id='line_1_2' title="bbox 844 784 1166 833; baseline 0.003 -1"><span class='ocrx_word' id='word_1_3' title='bbox 844 785 1064 832; x_wconf 85' lang='lat' dir='ltr'>LIBER</span> <span class='ocrx_word' id='word_1_4' title='bbox 1105 784 1166 833; x_wconf 91' lang='lat' dir='ltr'>V.</span> 
     </span>
    </p>
   </div>
   <div class='ocr_carea' id='block_1_3' title="bbox 142 957 1596 1011">
    <p class='ocr_par' dir='ltr' id='par_1_3' title="bbox 142 957 1596 1011">
     <span class='ocr_line' id='line_1_3' title="bbox 142 957 1596 1011; baseline -0.004 -9"><span class='ocrx_word' id='word_1_5' title='bbox 142 962 227 1001; x_wconf 79' lang='lat' dir='ltr'>The</span> <span class='ocrx_word' id='word_1_6' title='bbox 256 961 457 1011; x_wconf 79' lang='lat' dir='ltr'>Trojans‚</span> <span class='ocrx_word' id='word_1_7' title='bbox 482 961 651 1009; x_wconf 69' lang='lat' dir='ltr'>sailiny</span> <span class='ocrx_word' id='word_1_8' title='bbox 672 970 808 1008; x_wconf 72' lang='lat' dir='ltr'>away,</span> <span class='ocrx_word' id='word_1_9' title='bbox 834 970 902 998; x_wconf 82' lang='lat' dir='ltr'>see</span> <span class='ocrx_word' id='word_1_10' title='bbox 925 959 995 997; x_wconf 73' lang='lat' dir='ltr'>the</span> <span class='ocrx_word' id='word_1_11' title='bbox 1018 958 1141 997; x_wconf 70' lang='lat' dir='ltr'>blaze</span> <span class='ocrx_word' id='word_1_12' title='bbox 1153 958 1278 1008; x_wconf 79' lang='lat' dir='ltr'>from</span> <span class='ocrx_word' id='word_1_13' title='bbox 1302 957 1463 997; x_wconf 78' lang='lat' dir='ltr'>Dido&#39;s</span> <span class='ocrx_word' id='word_1_14' title='bbox 1476 967 1596 1007; x_wconf 74' lang='lat' dir='ltr'>pyre.</span> 
     </span>
    </p>
   </div>
   <div class='ocr_carea' id='block_1_4' title="bbox 134 1053 1617 1642">
    <p class='ocr_par' dir='ltr' id='par_1_4' title="bbox 134 1053 1617 1642">
     <span class='ocr_line' id='line_1_4' title="bbox 200 1053 1444 1104; baseline -0.004 0"><span class='ocrx_word' id='word_1_15' title='bbox 200 1057 409 1104; x_wconf 86' lang='lat' dir='ltr'>Interea</span> <span class='ocrx_word' id='word_1_16' title='bbox 433 1055 658 1103; x_wconf 87' lang='lat' dir='ltr'>medium</span> <span class='ocrx_word' id='word_1_17' title='bbox 687 1054 890 1101; x_wconf 80' lang='lat' dir='ltr'>Aeneas</span> <span class='ocrx_word' id='word_1_18' title='bbox 918 1054 1021 1100; x_wconf 90' lang='lat' dir='ltr'>iam</span> <span class='ocrx_word' id='word_1_19' title='bbox 1047 1053 1209 1100; x_wconf 87' lang='lat' dir='ltr'>classe</span> <span class='ocrx_word' id='word_1_20' title='bbox 1235 1053 1444 1099; x_wconf 89' lang='lat' dir='ltr'>tenebat</span> 
     </span>
     <span class='ocr_line' id='line_1_5' title="bbox 134 1139 1446 1203; baseline -0.003 -12"><span class='ocrx_word' id='word_1_21' title='bbox 134 1148 304 1192; x_wconf 86' lang='lat' dir='ltr'>certus</span> <span class='ocrx_word' id='word_1_22' title='bbox 330 1143 430 1190; x_wconf 89' lang='lat' dir='ltr'>iter</span> <span class='ocrx_word' id='word_1_23' title='bbox 455 1142 745 1203; x_wconf 88' lang='lat' dir='ltr'>fluctusque</span> <span class='ocrx_word' id='word_1_24' title='bbox 772 1145 910 1188; x_wconf 88' lang='lat' dir='ltr'>atros</span> <span class='ocrx_word' id='word_1_25' title='bbox 937 1139 1198 1202; x_wconf 79' lang='lat' dir='ltr'>Aquilone</span> <span class='ocrx_word' id='word_1_26' title='bbox 1226 1139 1446 1200; x_wconf 90' lang='lat' dir='ltr'>secabat,</span> 
     </span>
     <span class='ocr_line' id='line_1_6' title="bbox 134 1226 1434 1291; baseline -0.003 -14"><span class='ocrx_word' id='word_1_27' title='bbox 134 1230 336 1278; x_wconf 88' lang='lat' dir='ltr'>moenia</span> <span class='ocrx_word' id='word_1_28' title='bbox 360 1229 660 1291; x_wconf 78' lang='lat' dir='ltr'>respiciens,</span> <span class='ocrx_word' id='word_1_29' title='bbox 688 1243 818 1290; x_wconf 91' lang='lat' dir='ltr'>quae</span> <span class='ocrx_word' id='word_1_30' title='bbox 844 1228 945 1274; x_wconf 87' lang='lat' dir='ltr'>iam</span> <span class='ocrx_word' id='word_1_31' title='bbox 973 1226 1202 1274; x_wconf 77' lang='lat' dir='ltr'>infelicis</span> <span class='ocrx_word' id='word_1_32' title='bbox 1229 1226 1434 1274; x_wconf 84' lang='lat' dir='ltr'>Elissae</span> 
     </span>
     <span class='ocr_line' id='line_1_7' title="bbox 134 1313 1617 1376; baseline -0.003 -11"><span class='ocrx_word' id='word_1_33' title='bbox 134 1317 407 1365; x_wconf 89' lang='lat' dir='ltr'>conlucent</span> <span class='ocrx_word' id='word_1_34' title='bbox 431 1315 666 1363; x_wconf 88' lang='lat' dir='ltr'>fiammis.</span> <span class='ocrx_word' id='word_1_35' title='bbox 740 1315 879 1371; x_wconf 78' lang='lat' dir='ltr'>Quae</span> <span class='ocrx_word' id='word_1_36' title='bbox 905 1319 1107 1361; x_wconf 89' lang='lat' dir='ltr'>tantum</span> <span class='ocrx_word' id='word_1_37' title='bbox 1130 1313 1421 1361; x_wconf 77' lang='lat' dir='ltr'>accenderit</span> <span class='ocrx_word' id='word_1_38' title='bbox 1445 1313 1617 1376; x_wconf 85' lang='lat' dir='ltr'>ignem</span> 
     </span>
     <span class='ocr_line' id='line_1_8' title="bbox 135 1401 1367 1464; baseline -0.002 -12"><span class='ocrx_word' id='word_1_39' title='bbox 135 1420 289 1453; x_wconf 88' lang='lat' dir='ltr'>causa</span> <span class='ocrx_word' id='word_1_40' title='bbox 312 1404 470 1464; x_wconf 80' lang='lat' dir='ltr'>latet3</span> <span class='ocrx_word' id='word_1_41' title='bbox 498 1402 614 1450; x_wconf 86' lang='lat' dir='ltr'>(luri</span> <span class='ocrx_word' id='word_1_42' title='bbox 639 1417 827 1463; x_wconf 84' lang='lat' dir='ltr'>magno</span> <span class='ocrx_word' id='word_1_43' title='bbox 853 1402 943 1449; x_wconf 83' lang='lat' dir='ltr'>sed</span> <span class='ocrx_word' id='word_1_44' title='bbox 968 1417 1138 1448; x_wconf 87' lang='lat' dir='ltr'>amore</span> <span class='ocrx_word' id='word_1_45' title='bbox 1165 1401 1367 1449; x_wconf 80' lang='lat' dir='ltr'>dolores</span> 
     </span>
     <span class='ocr_line' id='line_1_9' title="bbox 134 1488 1445 1556; baseline -0.003 -17"><span class='ocrx_word' id='word_1_46' title='bbox 134 1492 334 1556; x_wconf 87' lang='lat' dir='ltr'>polluto</span> <span class='ocrx_word' id='word_1_47' title='bbox 359 1496 656 1553; x_wconf 88' lang='lat' dir='ltr'>notumque,</span> <span class='ocrx_word' id='word_1_48' title='bbox 685 1490 865 1538; x_wconf 83' lang='lat' dir='ltr'>furens</span> <span class='ocrx_word' id='word_1_49' title='bbox 894 1489 1021 1551; x_wconf 83' lang='lat' dir='ltr'>quicl</span> <span class='ocrx_word' id='word_1_50' title='bbox 1041 1488 1239 1536; x_wconf 81' lang='lat' dir='ltr'>femina</span> <span class='ocrx_word' id='word_1_51' title='bbox 1265 1488 1445 1551; x_wconf 86' lang='lat' dir='ltr'>possit,</span> 
     </span>
     <span class='ocr_line' id='line_1_10' title="bbox 136 1576 1515 1642; baseline -0.003 -14"><span class='ocrx_word' id='word_1_52' title='bbox 136 1580 288 1628; x_wconf 90' lang='lat' dir='ltr'>triste</span> <span class='ocrx_word' id='word_1_53' title='bbox 313 1594 405 1642; x_wconf 88' lang='lat' dir='ltr'>per</span> <span class='ocrx_word' id='word_1_54' title='bbox 431 1578 705 1640; x_wconf 79' lang='lat' dir='ltr'>augurium</span> <span class='ocrx_word' id='word_1_55' title='bbox 730 1579 1045 1625; x_wconf 80' lang='lat' dir='ltr'>Teucrorum</span> <span class='ocrx_word' id='word_1_56' title='bbox 1071 1581 1280 1640; x_wconf 80' lang='lat' dir='ltr'>pectora</span> <span class='ocrx_word' id='word_1_57' title='bbox 1305 1576 1515 1625; x_wconf 84' lang='lat' dir='ltr'>ducunt.</span> 
     </span>
    </p>
   </div>
   <div class='ocr_carea' id='block_1_5' title="bbox 134 1739 1440 1794">
    <p class='ocr_par' dir='ltr' id='par_1_5' title="bbox 134 1739 1440 1794">
     <span class='ocr_line' id='line_1_11' title="bbox 134 1739 1440 1794; baseline -0.004 -10"><span class='ocrx_word' id='word_1_58' title='bbox 134 1742 178 1784; x_wconf 84' lang='lat' dir='ltr'>A</span> <span class='ocrx_word' id='word_1_59' title='bbox 197 1749 335 1784; x_wconf 79' lang='lat' dir='ltr'>storm</span> <span class='ocrx_word' id='word_1_60' title='bbox 357 1743 648 1794; x_wconf 75' lang='lat' dir='ltr'>threatenin9‚</span> <span class='ocrx_word' id='word_1_61' title='bbox 676 1743 774 1791; x_wconf 76' lang='lat' dir='ltr'>they</span> <span class='ocrx_word' id='word_1_62' title='bbox 795 1742 922 1782; x_wconf 76' lang='lat' dir='ltr'>make</span> <span class='ocrx_word' id='word_1_63' title='bbox 935 1742 1014 1792; x_wconf 86' lang='lat' dir='ltr'>sor</span> <span class='ocrx_word' id='word_1_64' title='bbox 1035 1742 1160 1790; x_wconf 73' lang='lat' dir='ltr'>Eryx</span> <span class='ocrx_word' id='word_1_65' title='bbox 1179 1742 1228 1780; x_wconf 76' lang='lat' dir='ltr'>in</span> <span class='ocrx_word' id='word_1_66' title='bbox 1253 1739 1405 1789; x_wconf 76' lang='lat' dir='ltr'>Sicily.</span> <span class='ocrx_word' id='word_1_67' title='bbox 1436 1785 1440 1788; x_wconf 46' lang='grc'><strong>,</strong></span> 
     </span>
    </p>
   </div>
   <div class='ocr_carea' id='block_1_6' title="bbox 135 1834 1580 2075">
    <p class='ocr_par' dir='ltr' id='par_1_6' title="bbox 135 1834 1580 2075">
     <span class='ocr_line' id='line_1_12' title="bbox 202 1834 1554 1901; baseline -0.004 -14"><span class='ocrx_word' id='word_1_68' title='bbox 202 1840 280 1889; x_wconf 90' lang='lat' dir='ltr'>Ut</span> <span class='ocrx_word' id='word_1_69' title='bbox 304 1838 515 1901; x_wconf 85' lang='lat' dir='ltr'>pelagus</span> <span class='ocrx_word' id='word_1_70' title='bbox 543 1843 754 1886; x_wconf 85' lang='lat' dir='ltr'>tenuere</span> <span class='ocrx_word' id='word_1_71' title='bbox 780 1842 916 1885; x_wconf 89' lang='lat' dir='ltr'>rates</span> <span class='ocrx_word' id='word_1_72' title='bbox 942 1852 1037 1884; x_wconf 90' lang='lat' dir='ltr'>nec</span> <span class='ocrx_word' id='word_1_73' title='bbox 1064 1836 1169 1884; x_wconf 88' lang='lat' dir='ltr'>iam</span> <span class='ocrx_word' id='word_1_74' title='bbox 1195 1835 1418 1898; x_wconf 84' lang='lat' dir='ltr'>amplius</span> <span class='ocrx_word' id='word_1_75' title='bbox 1443 1834 1554 1882; x_wconf 88' lang='lat' dir='ltr'>ulla</span> 
     </span>
     <span class='ocr_line' id='line_1_13' title="bbox 135 1922 1580 1986; baseline -0.004 -12"><span class='ocrx_word' id='word_1_76' title='bbox 135 1926 358 1974; x_wconf 88' lang='lat' dir='ltr'>occurrit</span> <span class='ocrx_word' id='word_1_77' title='bbox 382 1926 555 1986; x_wconf 87' lang='lat' dir='ltr'>tellus,</span> <span class='ocrx_word' id='word_1_78' title='bbox 582 1925 748 1973; x_wconf 88' lang='lat' dir='ltr'>maria</span> <span class='ocrx_word' id='word_1_79' title='bbox 771 1925 1003 1986; x_wconf 83' lang='lat' dir='ltr'>undique</span> <span class='ocrx_word' id='word_1_80' title='bbox 1033 1928 1082 1972; x_wconf 93' lang='lat' dir='ltr'>et</span> <span class='ocrx_word' id='word_1_81' title='bbox 1109 1923 1340 1985; x_wconf 82' lang='lat' dir='ltr'>undique</span> <span class='ocrx_word' id='word_1_82' title='bbox 1367 1922 1580 1982; x_wconf 89' lang='lat' dir='ltr'>caelum,</span> 
     </span>
     <span class='ocr_line' id='line_1_14' title="bbox 136 2011 1326 2075; baseline -0.003 -15"><span class='ocrx_word' id='word_1_83' title='bbox 136 2013 229 2061; x_wconf 91' lang='lat' dir='ltr'>olli</span> <span class='ocrx_word' id='word_1_84' title='bbox 254 2013 518 2061; x_wconf 88' lang='lat' dir='ltr'>caeruleus</span> <span class='ocrx_word' id='word_1_85' title='bbox 551 2028 709 2075; x_wconf 89' lang='lat' dir='ltr'>supra</span> <span class='ocrx_word' id='word_1_86' title='bbox 732 2016 888 2074; x_wconf 87' lang='lat' dir='ltr'>caput</span> <span class='ocrx_word' id='word_1_87' title='bbox 914 2011 1122 2059; x_wconf 81' lang='lat' dir='ltr'>adstitit</span> <span class='ocrx_word' id='word_1_88' title='bbox 1149 2011 1326 2070; x_wconf 87' lang='lat' dir='ltr'>imber,</span> 
     </span>
    </p>
   </div>
   <div class='ocr_carea' id='block_1_7' title="bbox 135 2095 1697 2163">
    <p class='ocr_par' dir='ltr' id='par_1_7' title="bbox 135 2095 1697 2163">
     <span class='ocr_line' id='line_1_15' title="bbox 135 2095 1697 2163; baseline -0.002 -15"><span class='ocrx_word' id='word_1_89' title='bbox 135 2107 337 2149; x_wconf 90' lang='lat' dir='ltr'>noctem</span> <span class='ocrx_word' id='word_1_90' title='bbox 358 2101 683 2163; x_wconf 85' lang='lat' dir='ltr'>hiememque</span> <span class='ocrx_word' id='word_1_91' title='bbox 709 2100 897 2160; x_wconf 82' lang='lat' dir='ltr'>ferens,</span> <span class='ocrx_word' id='word_1_92' title='bbox 926 2104 976 2147; x_wconf 92' lang='lat' dir='ltr'>et</span> <span class='ocrx_word' id='word_1_93' title='bbox 1003 2097 1264 2146; x_wconf 71' lang='lat' dir='ltr'>inhorruit</span> <span class='ocrx_word' id='word_1_94' title='bbox 1290 2097 1430 2144; x_wconf 86' lang='lat' dir='ltr'>unda</span> <span class='ocrx_word' id='word_1_95' title='bbox 1454 2095 1697 2145; x_wconf 89' lang='lat' dir='ltr'>tenebris.</span> 
     </span>
    </p>
   </div>
   <div class='ocr_carea' id='block_1_8' title="bbox 136 2185 1665 2856">
    <p class='ocr_par' dir='ltr' id='par_1_8' title="bbox 136 2185 1340 2251">
     <span class='ocr_line' id='line_1_16' title="bbox 136 2185 1340 2251; baseline -0.002 -16"><span class='ocrx_word' id='word_1_96' title='bbox 136 2189 259 2251; x_wconf 89' lang='lat' dir='ltr'>Ipse</span> <span class='ocrx_word' id='word_1_97' title='bbox 286 2189 596 2250; x_wconf 87' lang='lat' dir='ltr'>gubernator</span> <span class='ocrx_word' id='word_1_98' title='bbox 620 2188 784 2251; x_wconf 84' lang='lat' dir='ltr'>puppi</span> <span class='ocrx_word' id='word_1_99' title='bbox 809 2187 1090 2235; x_wconf 85' lang='lat' dir='ltr'>Palinurus</span> <span class='ocrx_word' id='word_1_100' title='bbox 1119 2186 1181 2233; x_wconf 90' lang='lat' dir='ltr'>ab</span> <span class='ocrx_word' id='word_1_101' title='bbox 1208 2185 1340 2232; x_wconf 91' lang='lat' dir='ltr'>alta:</span> 
     </span>
    </p>

    <p class='ocr_par' dir='ltr' id='par_1_9' title="bbox 137 2271 1665 2600">
     <span class='ocr_line' id='line_1_17' title="bbox 139 2271 1539 2338; baseline -0.004 -14"><span class='ocrx_word' id='word_1_102' title='bbox 139 2277 315 2324; x_wconf 72' lang='lat' dir='ltr'>‘Heul</span> <span class='ocrx_word' id='word_1_103' title='bbox 367 2275 607 2338; x_wconf 88' lang='lat' dir='ltr'>quianam</span> <span class='ocrx_word' id='word_1_104' title='bbox 635 2275 771 2322; x_wconf 90' lang='lat' dir='ltr'>tanti</span> <span class='ocrx_word' id='word_1_105' title='bbox 795 2274 1072 2322; x_wconf 80' lang='lat' dir='ltr'>cinxerunt</span> <span class='ocrx_word' id='word_1_106' title='bbox 1098 2273 1308 2320; x_wconf 83' lang='lat' dir='ltr'>aethera</span> <span class='ocrx_word' id='word_1_107' title='bbox 1332 2271 1539 2319; x_wconf 87' lang='lat' dir='ltr'>nimbi?</span> 
     </span>
     <span class='ocr_line' id='line_1_18' title="bbox 137 2358 1665 2426; baseline -0.003 -15"><span class='ocrx_word' id='word_1_108' title='bbox 137 2364 351 2424; x_wconf 82' lang='lat' dir='ltr'>Quidve,</span> <span class='ocrx_word' id='word_1_109' title='bbox 376 2368 526 2426; x_wconf 86' lang='lat' dir='ltr'>pater</span> <span class='ocrx_word' id='word_1_110' title='bbox 547 2363 809 2425; x_wconf 87' lang='lat' dir='ltr'>Neptune,</span> <span class='ocrx_word' id='word_1_111' title='bbox 836 2378 986 2424; x_wconf 88' lang='lat' dir='ltr'>paras</span> <span class='ocrx_word' id='word_1_112' title='bbox 1009 2361 1062 2408; x_wconf 85' lang='lat'>?’</span> <span class='ocrx_word' id='word_1_113' title='bbox 1136 2361 1219 2408; x_wconf 82' lang='lat' dir='ltr'>Sic</span> <span class='ocrx_word' id='word_1_114' title='bbox 1250 2359 1435 2407; x_wconf 85' lang='lat' dir='ltr'>deinde</span> <span class='ocrx_word' id='word_1_115' title='bbox 1462 2358 1665 2406; x_wconf 87' lang='lat' dir='ltr'>locutus</span> 
     </span>
     <span class='ocr_line' id='line_1_19' title="bbox 138 2444 1534 2512; baseline -0.004 -14"><span class='ocrx_word' id='word_1_116' title='bbox 138 2451 377 2512; x_wconf 84' lang='lat' dir='ltr'>colligere</span> <span class='ocrx_word' id='word_1_117' title='bbox 403 2466 545 2498; x_wconf 89' lang='lat' dir='ltr'>arma</span> <span class='ocrx_word' id='word_1_118' title='bbox 569 2449 713 2497; x_wconf 92' lang='lat' dir='ltr'>iubet</span> <span class='ocrx_word' id='word_1_119' title='bbox 737 2449 1030 2510; x_wconf 85' lang='lat' dir='ltr'>validisque</span> <span class='ocrx_word' id='word_1_120' title='bbox 1059 2446 1352 2495; x_wconf 84' lang='lat' dir='ltr'>incumbere</span> <span class='ocrx_word' id='word_1_121' title='bbox 1379 2444 1534 2493; x_wconf 88' lang='lat' dir='ltr'>remis</span> 
     </span>
     <span class='ocr_line' id='line_1_20' title="bbox 139 2534 1404 2600; baseline -0.004 -15"><span class='ocrx_word' id='word_1_122' title='bbox 139 2537 473 2600; x_wconf 72' lang='lat' dir='ltr'>obliquatque</span> <span class='ocrx_word' id='word_1_123' title='bbox 501 2537 644 2585; x_wconf 87' lang='lat' dir='ltr'>sinus</span> <span class='ocrx_word' id='word_1_124' title='bbox 672 2535 727 2583; x_wconf 89' lang='lat' dir='ltr'>in</span> <span class='ocrx_word' id='word_1_125' title='bbox 751 2540 966 2583; x_wconf 84' lang='lat' dir='ltr'>ventum</span> <span class='ocrx_word' id='word_1_126' title='bbox 993 2551 1052 2583; x_wconf 90' lang='lat' dir='ltr'>ac</span> <span class='ocrx_word' id='word_1_127' title='bbox 1079 2534 1207 2582; x_wconf 88' lang='lat' dir='ltr'>talia</span> <span class='ocrx_word' id='word_1_128' title='bbox 1234 2534 1404 2581; x_wconf 84' lang='lat' dir='ltr'>fatur:</span> 
     </span>
    </p>

    <p class='ocr_par' dir='ltr' id='par_1_10' title="bbox 140 2620 1571 2856">
     <span class='ocr_line' id='line_1_21' title="bbox 140 2620 1571 2685; baseline -0.003 -14"><span class='ocrx_word' id='word_1_129' title='bbox 140 2628 152 2652; x_wconf 86' lang='lat'>‘</span> <span class='ocrx_word' id='word_1_130' title='bbox 173 2625 504 2685; x_wconf 85' lang='lat' dir='ltr'>Magnanime</span> <span class='ocrx_word' id='word_1_131' title='bbox 529 2623 720 2682; x_wconf 83' lang='lat' dir='ltr'>Aenea,</span> <span class='ocrx_word' id='word_1_132' title='bbox 747 2639 864 2682; x_wconf 91' lang='lat' dir='ltr'>non,</span> <span class='ocrx_word' id='word_1_133' title='bbox 894 2620 938 2670; x_wconf 87' lang='lat' dir='ltr'>si</span> <span class='ocrx_word' id='word_1_134' title='bbox 964 2621 1093 2669; x_wconf 89' lang='lat' dir='ltr'>mihi</span> <span class='ocrx_word' id='word_1_135' title='bbox 1130 2621 1367 2683; x_wconf 86' lang='lat' dir='ltr'>Iuppiter</span> <span class='ocrx_word' id='word_1_136' title='bbox 1393 2624 1571 2668; x_wconf 87' lang='lat' dir='ltr'>auctor</span> 
     </span>
     <span class='ocr_line' id='line_1_22' title="bbox 141 2706 1493 2773; baseline -0.003 -15"><span class='ocrx_word' id='word_1_137' title='bbox 141 2711 406 2773; x_wconf 86' lang='lat' dir='ltr'>spondeat,</span> <span class='ocrx_word' id='word_1_138' title='bbox 432 2710 528 2757; x_wconf 92' lang='lat' dir='ltr'>hoc</span> <span class='ocrx_word' id='word_1_139' title='bbox 554 2725 754 2772; x_wconf 88' lang='lat' dir='ltr'>sperem</span> <span class='ocrx_word' id='word_1_140' title='bbox 779 2709 990 2757; x_wconf 87' lang='lat' dir='ltr'>Italiam</span> <span class='ocrx_word' id='word_1_141' title='bbox 1017 2708 1314 2769; x_wconf 83' lang='lat' dir='ltr'>contingere</span> <span class='ocrx_word' id='word_1_142' title='bbox 1340 2706 1493 2754; x_wconf 89' lang='lat' dir='ltr'>caelo.</span> 
     </span>
     <span class='ocr_line' id='line_1_23' title="bbox 140 2777 1521 2856; baseline -0.004 -10"><span class='ocrx_word' id='word_1_143' title='bbox 140 2797 334 2846; x_wconf 89' lang='lat' dir='ltr'>Mutati</span> <span class='ocrx_word' id='word_1_144' title='bbox 359 2801 656 2845; x_wconf 85' lang='lat' dir='ltr'>transversa</span> <span class='ocrx_word' id='word_1_145' title='bbox 679 2796 912 2844; x_wconf 84' lang='lat' dir='ltr'>fremunt</span> <span class='ocrx_word' id='word_1_146' title='bbox 937 2799 989 2842; x_wconf 92' lang='lat' dir='ltr'>et</span> <span class='ocrx_word' id='word_1_147' title='bbox 1014 2809 1225 2856; x_wconf 83' lang='lat' dir='ltr'>vespere</span> <span class='ocrx_word' id='word_1_148' title='bbox 1252 2794 1315 2841; x_wconf 87' lang='lat' dir='ltr'>ab</span> <span class='ocrx_word' id='word_1_149' title='bbox 1340 2798 1453 2841; x_wconf 87' lang='lat' dir='ltr'>atro</span> <span class='ocrx_word' id='word_1_150' title='bbox 1519 2777 1521 2779; x_wconf 30' lang='lat'>¹</span> 
     </span>
    </p>
   </div>
   <div class='ocr_carea' id='block_1_9' title="bbox 973 2895 1053 2934">
    <p class='ocr_par' dir='ltr' id='par_1_11' title="bbox 973 2895 1053 2934">
     <span class='ocr_line' id='line_1_24' title="bbox 973 2895 1053 2934; baseline 0 0"><span class='ocrx_word' id='word_1_151' title='bbox 973 2895 1053 2934; x_wconf 84' lang='lat'>115</span> 
     </span>
    </p>
   </div>
   <div class='ocr_carea' id='block_1_10' title="bbox 1841 2019 1887 2056">
    <p class='ocr_par' dir='ltr' id='par_1_12' title="bbox 1841 2019 1887 2056">
     <span class='ocr_line' id='line_1_25' title="bbox 1841 2019 1887 2056; baseline 0.022 -1"><span class='ocrx_word' id='word_1_152' title='bbox 1841 2019 1887 2056; x_wconf 92' lang='lat'>10</span> 
     </span>
    </p>
   </div>
  </div>
 </body>
</html>
