2148 3204
693 129 1002 167 AENEIDOS
1041 130 1158 166 LIB.
1205 130 1297 166 ΙΙΙ.

122 267 355 332 procedit
381 268 702 331 supplexque
729 284 911 316 manus
937 268 1004 316 ad
1029 268 1184 316 litora
1207 268 1391 317 tendit.

122 354 468 418 Respicimus.
539 355 667 403 Dira
693 355 933 415 inluvies,
956 355 1290 418 immissaque
1315 356 1489 418 barba,

122 447 414 490 consertum
437 447 682 503 tegumen
703 442 867 505 spinis
892 461 902 503 3
942 448 995 490 at
1021 448 1189 490 cetera
1215 443 1423 504 Graius,

121 535 173 577 et
198 530 454 592 quondam
482 529 665 592 patriis
685 530 751 576 ad
776 530 978 576 Troiam
1006 530 1197 577 missus
1223 529 1277 576 in
1303 530 1473 578 armis.

121 617 276 679 Isque
303 616 390 664 ubi
417 617 707 664 Dardanios
733 616 943 664 habitus
970 622 1020 664 et
1041 618 1194 664 Troia
1217 617 1355 665 vidit

120 720 262 752 arma
287 703 480 766 procul,
506 703 720 766 paulum
745 710 958 766 aspectu
984 704 1295 752 conterritus
1320 705 1492 754 haesit

119 791 476 853 continuitque
503 791 716 853 gradum
743 809 754 852 ;
795 807 912 838 mox
938 807 1046 839 sese
1074 792 1139 838 ad
1163 791 1318 839 litora
1343 808 1585 855 praeceps

117 894 235 926 cum
259 877 383 925 fletu
409 877 750 940 precibusque
776 878 901 926 tulit
922 897 931 926 :
1006 882 1018 906 ‘
1039 882 1133 926 Per
1159 879 1328 927 sidera
1351 884 1530 940 testor,

118 981 209 1028 per
236 981 444 1028 superos
472 970 626 1028 atque
651 965 746 1012 hoc
774 965 902 1013 caeli
929 965 1173 1028 spirabile
1199 966 1391 1026 lumen,

117 1052 287 1100 tollite
314 1068 408 1113 me,
437 1052 649 1114 Teucri3
690 1068 1039 1115 quascumque
1067 1053 1306 1100 abducite
1327 1058 1523 1115 terras3

116 1139 212 1187 hoc
238 1144 318 1187 sat
344 1139 454 1187 erit.
529 1139 676 1187 Scio1
700 1155 781 1187 me
807 1140 1002 1187 Danais
1030 1156 1055 1186 e
1081 1139 1334 1188 classibus
1359 1157 1539 1202 unum,

117 1231 169 1274 et
193 1226 329 1275 bello
353 1226 541 1275 Iliacos
567 1226 736 1274 fateor
759 1226 974 1289 petiisse
998 1227 1227 1275 Penatis.

116 1315 218 1362 Pro
244 1329 359 1376 quo,
387 1313 431 1362 si
457 1314 664 1369 sceleris
689 1319 836 1362 tanta
860 1319 940 1362 est
965 1313 1156 1362 iniuria
1180 1315 1362 1376 nostri,

118 1400 346 1464 spargite
373 1417 452 1448 me
478 1401 534 1448 in
557 1401 745 1449 fluctus
772 1406 1019 1463 vastoque
1046 1401 1337 1463 immergite
1360 1407 1546 1466 ponto:

118 1488 163 1536 si
187 1487 376 1552 pereo,2
398 1488 666 1536 hominum
693 1488 932 1536 manibus
959 1489 1174 1551 periisse
1199 1489 1432 1537 iuvabit?

117 1575 338 1624 Dixerat
362 1582 413 1624 et
438 1591 604 1637 genua
628 1576 898 1639 amplexus
925 1577 1242 1639 genibusque
1268 1577 1511 1626 volutans

117 1663 375 1711 haerebat.
447 1663 546 1720 Qui
571 1661 654 1723 sit,
682 1663 798 1724 fari,
826 1679 926 1726 quo
953 1679 1040 1711 san
1050 1664 1203 1725 guine
1229 1669 1415 1725 cretus,

117 1750 398 1811 hortamur,
425 1766 556 1813 quae
582 1751 768 1798 deinde
794 1751 956 1811 agitet
982 1752 1206 1811 fortuna,
1234 1752 1404 1799 fateri.

118 1838 239 1900 Ipse
263 1842 412 1900 pater
436 1838 671 1885 dextram
695 1838 969 1898 Anchises,
997 1838 1138 1886 haud
1157 1838 1325 1886 multa
1344 1843 1589 1900 moratus,

117 1925 208 1973 dat
233 1923 411 1972 iuveni
429 1930 583 1987 atque
610 1925 839 1972 animum
864 1925 1124 1988 praesenti
1148 1925 1360 1988 pignore
1385 1925 1574 1974 firmat.

117 2012 217 2060 Ille
237 2011 377 2072 haec,
405 2012 642 2075 deposita
667 2013 877 2060 tandem
903 2012 1201 2073 formidine,
1223 2013 1394 2060 fatur:

119 2103 132 2128 ‘
151 2099 274 2147 Sum
299 2099 468 2162 patria
494 2115 557 2146 ex
582 2099 778 2161 Ithaca,
811 2115 980 2148 comes
1000 2099 1231 2148 infelicis
1259 2100 1422 2161 Ulixi,

119 2186 327 2234 nomine
351 2186 777 2247 Achaemenides,
804 2186 1011 2234 Troiam
1038 2188 1268 2248 genitore
1288 2188 1573 2235 Adamasto

119 2289 344 2337 paupere
373 2273 772 2336 (mansissetque
798 2274 996 2321 utinam
1024 2275 1236 2321 fortuna
1254 2276 1287 2340 ἕ)
1317 2274 1594 2337 profectus.

121 2361 225 2413 Hic
250 2376 346 2421 me,
373 2361 495 2408 dum
520 2361 713 2423 trepidi
736 2361 966 2409 crudelia
985 2361 1168 2409 limina
1187 2361 1447 2423 linquunt,

121 2447 446 2495 immemores
473 2448 598 2496 socii
621 2453 770 2495 vasto
796 2448 1038 2511 Cyclopis
1065 2447 1118 2494 in
1147 2453 1294 2496 antro

122 2535 407 2583 deseruere.
477 2535 673 2583 Domus
695 2535 836 2582 sanie
861 2536 1182 2598 dapibusque
1208 2535 1451 2595 cruentis,

121 2621 264 2669 intus
281 2637 453 2683 opaca,
478 2621 676 2682 ingens.
748 2623 868 2684 Ipse
894 2623 1099 2682 arduus,
1126 2623 1334 2684 altaque
1359 2622 1535 2685 pulsat

121 2707 294 2757 sidera
308 2735 376 2743 ——
390 2708 460 2769 di,
486 2708 644 2755 talem
669 2698 820 2756 terris
841 2709 1061 2756 avertite
1085 2714 1284 2771 pestem
1304 2711 1312 2757 Σ
1333 2738 1401 2744 —

410 2808 446 2845 1.
472 2808 571 2846 εοὶό.
903 2809 940 2846 2.
964 2819 1104 2855 pereO,
1124 2809 1376 2846 hominum:
1403 2809 1561 2846 hiatus.

1804 118 1939 197 83·

1799 541 1870 578 595

1798 976 1869 1012 600

1793 1412 1866 1449 605

1793 1849 1864 1914 619

1792 2285 1864 2322 615

1793 2718 1861 2756 620
