2148 3204
278 156 346 208 38
813 167 869 206 P.
914 165 1173 204 VERGILI
1210 163 1489 203 MARONIs

279 308 431 355 Hanc
455 311 629 355 tamen
653 305 959 354 immensam
986 303 1204 354 Calchas
1231 301 1468 351 attollere
1493 299 1682 350 molem

278 393 544 443 roboribus
571 393 731 442 textis
759 392 1001 455 caeloque
1029 392 1244 439 educere
1269 389 1439 450 iussit,

277 499 342 530 ne
367 480 527 544 recipi
552 480 716 544 portis
742 486 833 528 aut
859 479 978 528 duci
1003 479 1055 526 in
1084 476 1288 526 moenia
1311 481 1489 540 posset

278 586 377 617 neu
403 569 652 632 populum
680 567 897 630 antiqua
922 567 1015 615 sub
1042 565 1294 627 religione
1318 564 1472 614 tueri.
1543 594 1547 598 ·

277 658 415 704 Nam
442 657 485 705 si
509 639 694 704 vestra
708 671 891 703 manus
918 654 1166 702 violasset
1192 653 1327 701 dona
1350 652 1632 713 Minervae,

277 749 387 792 tum
415 727 658 805 magnum
685 743 900 790 exitium
933 734 1101 807 (quod
1118 741 1172 789 di
1197 741 1341 804 prius
1369 755 1516 788 omen
1542 740 1597 787 in
1622 740 1793 803 ipsum

279 833 610 880 convertant!
632 833 652 898 >
691 830 888 879 Priami
914 829 1133 892 imperio
1159 827 1561 892 Phrygibusque
1585 828 1821 875 futurum
1843 845 1854 889 3

267 920 361 991 „Si-1}
387 915 625 967 manibus
652 917 842 966 vestris
869 921 1098 965 vestram
1125 916 1446 965 ascendisset
1471 915 1526 962 in
1550 915 1748 976 urbem,

277 1006 415 1054 ultro
440 1005 621 1054 Asiam
646 1021 831 1066 magno
856 1004 1080 1068 Pelopea
1105 1004 1170 1052 ad
1196 1002 1398 1053 moenia
1422 1002 1559 1051 bello

280 1098 564 1154 venturam,
593 1097 644 1141 et
669 1098 874 1141 nostros
901 1108 962 1140 ea
985 1092 1099 1141 fata
1123 1106 1330 1140 manere
1355 1090 1605 1154 nepotes!

287 1210 374 1250 The
395 1211 482 1250 tale
504 1211 540 1249 is
558 1210 759 1249 believed.

344 1298 559 1346 Talibus
584 1297 793 1346 insidiis
819 1296 1117 1361 periurique
1143 1301 1252 1345 arte
1281 1294 1489 1346 Sinonis

279 1375 475 1434 credita
498 1401 595 1447 res,
621 1385 864 1448 captique
891 1385 1024 1433 dolis
1051 1385 1383 1447 lacrimisque
1407 1383 1614 1444 coactis,

279 1489 409 1536 quos
434 1489 601 1536 neque
627 1473 857 1537 Tydides
883 1488 976 1520 nec
1002 1473 1302 1521 Larissaeus
1331 1471 1580 1532 Achilles,

279 1577 382 1608 non
407 1561 530 1609 anni
556 1561 797 1609 domuere
824 1561 1015 1622 decem,
1042 1576 1147 1608 non
1172 1559 1315 1608 mille
1341 1559 1560 1614 carinae.

281 1678 529 1718 Laocobn’s
552 1678 730 1717 terrible
741 1677 857 1728 face.

350 1766 451 1814 Hic
478 1766 621 1814 aliud
646 1765 813 1814 maius
840 1765 1042 1815 miseris
1068 1765 1333 1828 multoque
1358 1764 1684 1813 tremendum

281 1854 500 1902 obicitur
525 1854 688 1916 magis
716 1859 869 1916 atque
898 1853 1192 1917 improvida
1217 1858 1427 1917 pectora
1451 1853 1642 1902 turbat.

282 1943 532 2002 Laocoon,
560 1942 744 1990 ductus
771 1942 1019 2004 Neptuno
1047 1946 1181 1989 sorte
1209 1941 1461 2002 sacerdos,

283 2029 547 2077 sollemnis
571 2033 778 2077 taurum
806 2029 1068 2090 ingentem
1089 2028 1348 2076 mactabat
1374 2028 1438 2076 ad
1464 2043 1594 2076 aras.

282 2117 415 2164 Ecce
441 2121 611 2164 autem
638 2116 829 2178 gemini
856 2132 885 2164 a
910 2116 1117 2163 Tenedo
1143 2115 1425 2178 tranquilla
1451 2131 1543 2179 per
1568 2116 1676 2165 alta

287 2203 548 2266 (horresco
573 2204 824 2270 referens)
854 2203 1121 2252 immensis
1148 2199 1354 2252 orbibus
1380 2218 1574 2265 angues

284 2291 590 2339 incumbunt
615 2291 797 2353 pelago
822 2291 1120 2354 pariterque
1146 2291 1211 2338 ad
1238 2290 1394 2338 litora
1417 2291 1670 2339 tendunt:

284 2382 492 2440 pectora
516 2393 732 2440 quorum
759 2377 894 2425 inter
919 2378 1107 2427 fluctus
1133 2383 1332 2427 arrecta
1355 2377 1608 2442 iubaeque

287 2464 596 2526 sanguineae
623 2472 870 2529 superant
894 2467 1077 2527 undas,
1104 2483 1224 2530 pars
1251 2472 1420 2535 cetera
1444 2472 1660 2530 pontum

286 2567 417 2614 pone
445 2551 572 2613 legit
597 2553 872 2616 sinuatque
898 2554 1152 2602 immensa
1175 2554 1435 2603 volumine
1462 2559 1618 2617 terga.

256 2668 260 2673 -
287 2638 374 2686 Fit
401 2640 601 2687 sonitus
629 2646 899 2703 spumante
927 2640 1061 2702 salo;
1107 2641 1312 2704 iamque
1338 2657 1463 2690 arva
1484 2642 1733 2691 tenebant

288 2726 619 2789 ardentisque
646 2727 820 2776 oculos
848 2728 1051 2775 suffecti
1079 2729 1326 2790 sanguine
1353 2734 1405 2776 et
1430 2728 1539 2791 igni

290 2812 442 2861 sibila
467 2812 763 2862 lambebant
787 2814 980 2876 linguis
1008 2814 1331 2863 vibrantibus
1357 2830 1461 2864 ora.

1959 310 2028 348 185

1960 749 2030 787 190

1959 1864 2031 1901 200

1959 2302 2031 2339 205

1961 2738 2031 2776 210
