2148 3204
702 178 1014 218 AENEIDOS
1052 177 1174 214 LIB.
1223 175 1281 212 V.

134 396 222 436 The
243 395 455 435 coloniscs
478 403 551 432 are
575 388 784 437 enrolled,
813 387 903 428 and
925 386 994 426 the
1017 395 1109 425 new
1129 385 1214 434 city
1234 383 1276 422 is
1296 381 1391 422 laid
1411 383 1501 420 out.

439 496 486 504 ..α
540 495 563 498 »-
638 491 671 496 -—
729 490 787 502 er*

193 504 473 586 Extemplo
501 500 663 569 socios
690 517 1019 582 primumque
1046 500 1260 562 arcessit
1286 511 1514 558 Acesten

129 597 190 661 et
206 604 349 660 Iovis
377 594 649 673 imperium
677 611 728 654 et
753 598 861 653 cari
887 596 1162 666 praecepta
1184 595 1416 662 parentis

130 701 310 748 edocet
335 703 386 746 et
411 711 542 760 quae
567 709 703 742 nunc
728 692 902 740 animo
927 688 1188 738 sententia
1213 689 1431 734 constet.

132 787 292 835 Haud
317 800 458 832 mora
482 781 730 840 consiliis,
757 794 850 826 nec
876 778 1019 825 iussa
1042 778 1246 823 recusat
1270 773 1499 819 Acestes.

132 872 508 923 Transcribunt
535 869 649 917 urbi
674 872 864 915 matres
890 863 1244 928 populumque
1273 859 1534 906 volentem

135 964 413 1025 deponunt,
442 957 639 1006 animos
666 954 743 1002 nil
768 967 984 1014 magnae
1010 949 1182 997 laudis
1207 952 1428 1008 egentes.

135 1049 247 1112 Ipsi
270 1052 501 1096 transtra
526 1047 720 1091 novant
745 1039 1071 1100 flammisque
1097 1037 1307 1084 ambesa
1330 1036 1590 1095 reponunt

138 1138 318 1184 robora
342 1132 582 1193 navigiis,
610 1134 794 1192 aptant
820 1139 1090 1187 remosque
1115 1117 1491 1182 rudentisque,¹

139 1223 313 1284 exigui
338 1235 563 1279 numero,
592 1218 682 1266 sed
705 1215 842 1264 bello
869 1213 1049 1260 vivida
1075 1211 1255 1258 virtus.

140 1311 349 1357 Interea
368 1308 571 1354 Aeneas
598 1304 775 1351 urbem
801 1300 1041 1361 designat
1067 1303 1239 1346 aratro

142 1396 458 1457 sortiturque
485 1395 691 1452 domos3
729 1390 826 1437 hoc
851 1388 1011 1435 Ilium
1040 1392 1091 1434 et
1116 1385 1241 1432 haec
1267 1383 1381 1430 loca
1405 1380 1613 1428 Troiam

142 1500 253 1533 esse
279 1483 439 1531 iubet.
517 1480 724 1529 Gaudet
748 1491 906 1537 regno
931 1473 1184 1528 Troianus
1212 1472 1429 1518 Acestes

143 1571 431 1632 indicitque
458 1569 629 1615 forum
656 1570 707 1613 et
723 1557 969 1627 'patribus
997 1562 1085 1608 dat
1112 1559 1224 1606 iura
1249 1556 1461 1605 vocatis.

145 1661 276 1707 Tum
303 1658 477 1705 vicina
502 1653 656 1703 astris
684 1651 913 1715 Erycino
938 1649 993 1695 in
1020 1646 1211 1695 vertice
1239 1645 1386 1693 sedes

146 1746 399 1794 fundatur
423 1741 614 1791 Veneri
640 1739 858 1797 Idaliae,
884 1735 1189 1796 tumuloque
1215 1731 1452 1780 sacerdos

147 1850 204 1882 ac
231 1833 376 1880 lucus
402 1831 507 1878 late
529 1844 670 1877 sacer
697 1825 909 1875 additur
934 1822 1213 1871 Anchiseo,

150 2012 325 2052 Aeneas
347 2010 483 2060 ayczz'n
504 2012 588 2047 sets
608 2006 709 2046 saiz.

220 2137 435 2196 Iamque
460 2131 571 2179 dies
598 2129 807 2193 epulata
827 2141 1014 2174 novem
1040 2139 1164 2186 gens
1191 2121 1373 2182 omnis,
1401 2125 1452 2168 et
1476 2117 1579 2167 aris

152 2224 324 2271 factus
350 2222 540 2285 honos3
577 2216 773 2281 placidi
801 2217 1099 2263 straverunt
1125 2224 1346 2272 aequora
1370 2206 1530 2266 venti,

154 2310 328 2358 creber
352 2312 404 2355 et
429 2305 700 2368 adspirans
726 2317 903 2349 rursus
929 2304 1078 2347 vocat
1104 2298 1297 2344 Auster
1324 2295 1379 2341 in
1412 2294 1575 2342 altum

155 2396 403 2444 Exoritur
427 2407 681 2457 procurva
705 2390 888 2450 ingens
914 2403 1004 2450 per
1030 2385 1185 2433 litora
1211 2383 1377 2443 fietus,

159 2481 414 2545 complexi
439 2481 576 2528 inter
601 2494 654 2526 se
679 2487 986 2536 noctemque
1012 2473 1252 2533 diemque
1280 2472 1559 2516 morantur.

159 2573 311 2634 1psae
335 2570 436 2616 iam
467 2572 670 2625 matres,
697 2564 817 2627 ipsi,
844 2562 1033 2625 quibus
1061 2574 1243 2622 aspera
1270 2556 1530 2619 quondam

159 2659 275 2705 visa
297 2655 454 2704 maris
479 2653 640 2701 facies
669 2657 720 2699 et
744 2666 848 2698 non
872 2646 1142 2696 tolerabile
1171 2659 1374 2702 nomen,

160 2745 235 2792 ire
258 2741 443 2791 volunt
468 2752 773 2800 omnemque
799 2736 954 2797 fugae
978 2732 1209 2797 perferre
1234 2731 1474 2777 laborem.

561 2855 596 2892 1.
629 2851 906 2898 rudentisque
921 2860 934 2886 .·
962 2848 1068 2885 with
1085 2856 1182 2894 -que
1201 2843 1502 2892 hypermetric.

1768 154 1872 206 143

1817 863 1882 900 750

1824 1298 1892 1336 755

1830 1735 1899 1774 760

1835 2386 1905 2422 765
