2148 3204
716 130 842 168 AEN
849 129 1026 167 EIDOS
1066 129 1185 165 LIB.
1231 127 1298 164 ΙΙ.

135 272 310 314 Aeneas
323 272 481 322 pleads
501 271 654 320 vainly
676 270 779 310 with
801 269 907 309 him.

203 365 352 413 Talia
376 365 643 427 perstabat
667 377 958 410 memorans
979 360 1217 422 fixusque
1242 358 1500 407 manebat.

134 454 245 500 Nos
272 456 450 499 contra
474 450 627 498 effusi
652 449 880 497 lacrimis
905 448 1232 508 coniunxque
1261 446 1453 493 Creusa

135 539 497 600 Ascaniusque
523 537 791 599 omnisque
818 536 1016 595 domus,
1044 550 1106 581 ne
1133 538 1332 580 vertere
1358 547 1530 580 secum

137 631 322 674 cuncta
345 630 492 688 pater
518 625 730 685 fatoque
756 622 962 683 urgenti
987 620 1280 668 incumbere
1305 619 1480 667 vellet.

137 714 376 774 Abnegat
400 712 710 773 inceptoque
736 715 787 758 et
815 710 1023 757 sedibus
1049 708 1227 755 haeret
1253 707 1307 754 in
1332 707 1512 755 isdem.

137 801 340 848 Rursus
364 799 419 846 in
445 814 588 846 arma
612 798 751 845 feror
778 801 1095 857 mortemque
1121 794 1441 843 miserrimus
1466 797 1600 856 opto.

136 888 275 935 Nam
301 886 439 949 quod
462 885 736 933 consilium
761 889 851 932 aut
877 898 1007 945 quae
1033 882 1137 930 iam
1162 882 1376 929 fortuna
1400 879 1660 928 dabatur?

140 976 322 1021 ‘Mene
348 973 528 1020 efferre
555 973 754 1035 pedem,
784 971 1000 1032 genitor,
1027 974 1079 1017 te
1103 984 1255 1032 posse
1283 968 1467 1016 relicto

140 1061 375 1124 sperasti,
404 1065 708 1121 tantumque
735 1059 885 1106 nefas
910 1057 1079 1120 patrio
1105 1056 1300 1104 excidit
1326 1071 1410 1103 ore
1430 1057 1455 1102 ?

141 1149 195 1197 Si
220 1148 353 1194 nihil
379 1163 443 1194 ex
467 1151 616 1195 tanta
642 1145 843 1208 superis
869 1144 1039 1208 placet
1058 1144 1183 1192 urbe
1208 1142 1438 1205 relinqui

139 1241 192 1283 et
219 1235 362 1283 sedet
385 1234 481 1281 hoc
507 1234 679 1281 animo
704 1232 1069 1296 perituraeque
1096 1231 1283 1279 addere
1310 1229 1494 1278 Troiae

139 1328 293 1386 teque
318 1327 536 1384 tuosque
562 1321 722 1380 iuvat,
749 1324 895 1382 patet
920 1319 1011 1367 isti
1037 1318 1193 1366 ianua
1216 1318 1337 1378 leto,

140 1410 346 1472 iamque
372 1409 539 1457 aderit
567 1408 729 1455 multo
754 1406 954 1454 Priami
979 1407 1041 1454 de
1069 1405 1318 1466 sanguine
1338 1405 1590 1469 Pyrrhus,

142 1503 353 1559 gnatum
382 1501 501 1544 ante
527 1512 615 1543 ora
639 1494 820 1558 patris,
847 1499 1048 1557 patrem
1075 1493 1165 1556 qui
1190 1493 1464 1540 obtruncat
1489 1492 1554 1540 ad
1579 1507 1707 1541 aras.

142 1586 257 1632 Hoc
283 1588 407 1644 erat,
434 1583 571 1631 alma
595 1598 796 1646 parens,
823 1581 962 1644 quod
987 1597 1067 1628 me
1092 1597 1184 1643 per
1207 1580 1326 1640 tela,
1353 1595 1444 1642 per
1468 1579 1604 1640 ignis

142 1671 317 1734 eripis,
343 1675 401 1718 ut
427 1670 611 1718 mediis
637 1669 837 1717 hostem
866 1668 921 1715 in
947 1667 1302 1731 penetralibus
1322 1671 1483 1729 utque

142 1758 424 1807 Ascanium
452 1762 755 1820 patremque
783 1771 955 1803 meum
979 1755 1228 1817 iuxtaque
1254 1754 1500 1802 Creusam

143 1846 365 1894 alterum
390 1845 446 1891 in
471 1844 685 1892 alterius
713 1847 967 1891 mactatos
995 1842 1245 1904 sanguine
1271 1857 1474 1889 cernam
1495 1843 1521 1889 ’.Ρ

144 1933 319 1993 Arma,
346 1931 463 1991 viri,
490 1932 624 1978 ferte
650 1946 820 1989 arma3
858 1935 1008 1977 vocat
1033 1929 1126 1976 lux
1150 1921 1341 1976 ultima
1364 1928 1544 1985 victos.

144 2019 370 2067 Reddite
396 2034 477 2066 me
502 2017 713 2078 Danais,
741 2017 896 2065 sinite
920 2016 1213 2064 instaurata
1236 2016 1461 2063 revisam

145 2106 356 2171 proelia.
431 2106 731 2168 Numquam
757 2119 933 2152 omnes
959 2103 1114 2151 hodie
1139 2102 1419 2151 moriemur
1444 2102 1635 2171 inulti?

153 2276 320 2317 Creusa
342 2277 549 2326 implores
568 2274 746 2315 Aeneas
768 2279 845 2314 not
866 2279 908 2315 to
931 2275 1073 2314 desert
1094 2274 1224 2314 them.

215 2372 355 2418 Hinc
379 2371 517 2418 ferro
544 2370 779 2431 accingor
804 2386 981 2418 rursus
1002 2369 1270 2432 clipeoque
1296 2369 1561 2417 sinistram

147 2457 463 2505 insertabam
489 2462 674 2519 aptans
700 2472 883 2519 meque
909 2461 1057 2504 extra
1080 2461 1219 2504 tecta
1243 2456 1490 2504 ferebam.

148 2546 281 2592 Ecce
307 2549 478 2592 autem
505 2544 774 2606 complexa
798 2544 954 2606 pedes
979 2543 1034 2589 in
1059 2543 1239 2590 limine
1271 2542 1494 2590 coniunx

149 2631 394 2678 haerebat
418 2645 739 2693 parvumque
765 2629 903 2692 patri
927 2629 1176 2677 tendebat
1201 2629 1402 2676 Iulum:

152 2722 165 2746 ‘
186 2718 242 2765 Si
265 2717 526 2780 periturus
553 2717 678 2777 abis,
705 2721 757 2764 et
781 2732 873 2764 nos
900 2732 1019 2779 rape
1046 2716 1101 2762 in
1121 2716 1293 2763 omnia
1317 2722 1485 2763 tecum
1506 2736 1516 2777 ;

152 2804 232 2852 sin
258 2803 484 2866 aliquam
510 2808 753 2866 expertus
781 2803 1003 2866 sumptis
1030 2818 1175 2865 spem
1202 2803 1352 2865 ponis
1377 2803 1432 2849 in
1457 2803 1628 2863 armis,

1815 110 1882 162 55

1812 800 1886 837 655

1817 1240 1892 1277 660

1822 1677 1895 1713 665

1825 2113 1895 2150 670

1825 2727 1872 2764 67
1873 2726 1895 2763 5
