2148 3204
203 112 274 163 44
744 124 799 163 P.
845 124 1103 162 VERGILI
1135 103 1423 161 MARONIS

204 265 486 312 Excessere
512 279 689 312 omnes
715 263 889 327 adytis
915 263 1121 325 arisque
1147 262 1342 310 relictis

203 352 273 412 di,
299 351 489 414 quibus
514 351 790 414 imperium
815 351 912 399 hoc
938 355 1180 411 steterat3
1221 349 1518 397 succurritis
1543 348 1659 399 urbi

204 438 472 487 incensae:
512 438 791 486 moriamur
816 443 868 486 et
893 438 948 485 in
975 437 1146 484 media
1169 453 1312 485 arma
1336 452 1558 485 ruamus.

205 528 328 576 Una
353 526 493 575 salus
519 526 674 573 victis
700 525 896 573 nullam
925 541 1129 588 sperare
1157 525 1410 573 salutem)

205 613 290 662 Sic
314 613 502 661 animis
529 612 775 661 iuvenum
800 613 946 660 furor
972 613 1197 660 additus.
1271 612 1416 672 Inde,
1442 610 1555 675 lupi
1585 627 1676 660 ceu

202 706 436 764 raptores
462 705 574 748 atra
598 700 653 747 in
677 701 881 762 nebula,
909 716 1036 763 quos
1064 699 1300 763 improba
1325 700 1521 749 ventris

202 788 376 849 exegit
400 803 577 836 caecos
603 788 771 836 rabies
798 788 1063 850 catulique
1088 787 1260 836 relicti

201 875 441 924 faucibus
467 880 771 938 exspectant
798 876 962 937 siccis,
991 892 1081 938 per
1107 875 1226 937 tela,
1255 891 1347 939 per
1371 876 1540 924 hostis

203 963 441 1011 vadimus
465 963 606 1011 haud
632 963 842 1011 dubiam
867 963 922 1010 in
948 968 1165 1011 mortem
1192 964 1495 1026 mediaeque
1521 968 1758 1012 tenemus

203 1050 344 1098 urbis
370 1049 497 1111 iter3
535 1066 639 1097 nox
664 1055 776 1098 atra
804 1066 929 1098 cava
954 1051 1293 1100 circumvolat
1322 1052 1515 1100 umbra.

201 1137 328 1195 Quis
355 1137 555 1185 cladem
581 1137 725 1186 illius
751 1138 935 1199 noctis,
963 1139 1079 1201 quis
1106 1139 1291 1187 funera
1315 1139 1477 1187 fando
1521 1203 1523 1206 Α

201 1224 426 1287 explicet
452 1229 541 1272 aut
565 1225 731 1287 possit
755 1225 985 1274 lacrimis
1012 1242 1231 1288 aequare
1257 1226 1456 1274 labores
1476 1228 1500 1274 ?

203 1312 346 1360 Urbs
377 1312 595 1374 antiqua
619 1312 740 1372 ruit,
768 1313 960 1361 multos
989 1314 1254 1361 dominata
1279 1330 1370 1377 per
1396 1330 1587 1375 annos3

201 1398 428 1462 plurima
451 1415 644 1463 perque
670 1399 783 1448 vias
812 1406 1114 1449 sternuntur
1139 1401 1330 1449 inertia
1355 1401 1547 1464 passim

200 1500 415 1548 corpora
439 1502 633 1549 perque
660 1487 837 1536 domos
865 1493 915 1536 et
940 1488 1184 1549 religiosa
1209 1489 1420 1536 deorum

201 1571 397 1621 limina.
468 1575 579 1621 Nec
605 1574 702 1623 soli
728 1591 918 1637 poenas
945 1577 1072 1624 dant
1097 1577 1346 1637 sanguine
1372 1575 1587 1625 Teucri:

201 1661 461 1722 quondam
486 1661 641 1710 etiam
674 1662 826 1710 victis
851 1663 987 1710 redit
1013 1662 1069 1710 in
1092 1665 1393 1725 praecordia
1416 1664 1585 1713 virtus

200 1747 526 1810 victoresque
552 1749 745 1797 cadunt
771 1750 955 1798 Danai.
1029 1750 1269 1799 Crudelis
1294 1751 1488 1814 ubique

201 1833 390 1896 luctus,
417 1834 607 1899 ubique
633 1836 823 1900 pavor1
849 1842 900 1885 et
925 1837 1153 1902 plurima
1178 1839 1359 1887 mortis
1385 1839 1570 1903 imago.

208 2000 324 2050 They
345 2012 420 2040 are
442 2003 682 2052 successful
703 2008 749 2043 ac
760 2003 876 2052 first.

266 2095 471 2144 Primus
498 2112 550 2145 se
577 2099 812 2146 Danaum
841 2115 1029 2161 magna
1052 2100 1331 2149 comitante
1356 2105 1564 2163 caterva

199 2182 503 2244 Androgeos
529 2185 680 2232 offert
706 2186 869 2245 nobis,
898 2187 1037 2235 socia
1060 2188 1267 2249 agmina
1291 2189 1506 2236 credens

200 2269 410 2329 inscius,
438 2275 593 2333 atque
618 2272 755 2320 ultro
782 2273 953 2322 verbis
979 2275 1257 2338 compellat
1283 2275 1492 2324 amicis:

200 2360 212 2384 ‘
230 2356 512 2418 Festinate,
542 2359 657 2407 viri.
728 2361 863 2408 Nam
892 2377 1023 2423 quae
1049 2367 1154 2409 tam
1183 2378 1296 2410 sera
1321 2367 1550 2411 moratur

200 2444 448 2505 segnities
467 2447 492 2492 ἵ)
562 2446 672 2493 Alii
699 2448 908 2510 rapiunt
935 2448 1145 2497 incensa
1170 2450 1448 2512 feruntque

199 2531 478 2592 Pergama3
518 2548 607 2580 vos
634 2534 784 2582 celsis
811 2551 947 2583 nunc
973 2536 1195 2597 primum
1222 2553 1252 2584 a
1275 2537 1494 2585 navibus
1522 2537 1609 2586 itis
1629 2538 1683 2586 ?'

199 2618 350 2666 Dixit
374 2623 426 2666 et
451 2619 712 2683 extemplo
742 2621 929 2683 (neque
957 2624 1090 2669 enim
1121 2639 1366 2685 responsa
1391 2624 1647 2672 dabantur

199 2703 304 2752 fida
327 2705 477 2772 satis)
508 2706 671 2755 sensit
697 2708 892 2756 medios
920 2709 1163 2772 delapsus
1191 2710 1240 2756 in
1270 2710 1453 2760 hostis.

962 2815 996 2851 1.
1026 2817 1174 2861 pavo'r.

1887 620 1959 658 355

1881 2111 1955 2152 370

1876 2549 1949 2587 3⁴75
