2148 3204
205 111 275 161 48
742 120 796 157 P.
843 119 1100 157 VERG1L1
1139 117 1418 156 MARoms

207 261 314 310 tela
336 276 491 309 manu
518 259 695 308 miseri
720 258 982 307 iactabant
1008 257 1168 305 inrita
1193 256 1394 305 Teucri.

207 348 413 397 Turrim
441 348 497 395 in
522 346 797 410 praecipiti
823 351 1048 393 stantem
1076 344 1395 406 summisque
1421 344 1517 392 sub
1542 347 1685 391 astra

207 437 445 484 eductam
465 434 633 494 tectis,
660 434 796 481 unde
822 433 988 481 omnis
1015 432 1170 479 Troia
1194 432 1359 479 videri

206 528 259 572 et
283 525 524 571 Danaum
550 522 733 571 solitae
758 537 916 569 naves
942 525 996 568 et
1024 520 1252 567 Achaica
1276 524 1457 580 castra,

207 610 438 673 adgressi
462 610 601 657 ferro
626 609 834 669 circum,
861 624 964 671 qua
989 623 1192 655 summa
1214 606 1438 654 labantis

206 699 472 746 iuncturas
497 697 733 745 tabulata
757 696 965 755 dabant,
993 694 1331 743 convellimus
1357 694 1480 742 altis

207 786 416 834 sedibus
441 784 875 847 impulimusque3
914 799 975 831 ea
997 783 1146 845 lapsa
1170 786 1380 844 repente
1406 781 1610 828 ruinam

205 889 322 921 cum
350 871 524 921 sonitu
547 871 712 919 trahit
737 877 788 918 et
813 872 1050 918 Danaum
1079 885 1232 932 super
1257 869 1465 930 agmina
1489 869 1593 916 late

163 955 167 959 ’
205 960 408 1008 incidit.
478 960 581 1008 Ast
606 959 697 1006 alii
724 959 961 1018 subeunt,
987 973 1082 1005 nec
1108 967 1234 1005 'saxa
1258 973 1350 1004 nec
1376 956 1544 1004 ullum

205 1048 429 1096 telorum
454 1046 654 1095 interea
678 1050 849 1094 cessat
874 1061 1051 1108 genus.

214 1212 518 1263 Conspicuous
541 1223 704 1262 among]
725 1211 794 1250 the
821 1209 982 1250 Greeks
1004 1212 1042 1249 is
1065 1210 1282 1259 Pyrrhus.

273 1307 607 1356 Vestibulum
633 1312 752 1354 ante
777 1306 951 1369 ipsum
977 1304 1247 1368 primoque
1273 1305 1327 1351 in
1352 1304 1531 1352 limine
1557 1303 1794 1368 Pyrrhus

150 1389 152 1391 ’
207 1396 436 1444 exsultat
459 1394 579 1442 telis
605 1399 656 1441 et
682 1394 794 1442 luce
818 1396 1064 1441 coruscus
1089 1399 1232 1453 aena,

207 1482 377 1546 qualis
403 1481 494 1530 ubi
519 1481 572 1528 in
597 1481 767 1528 lucem
792 1480 1000 1529 coluber
1025 1480 1162 1528 mala
1187 1480 1422 1541 gramina
1453 1484 1651 1543 pastus,

207 1571 404 1632 frigida
429 1569 526 1617 sub
556 1573 696 1616 terra
719 1567 978 1615 tumidum
1004 1583 1157 1630 quem
1182 1568 1367 1614 bruma
1390 1567 1612 1628 tegebat,

207 1673 344 1706 nunc
369 1657 555 1720 positis
581 1672 745 1704 novus
771 1655 974 1719 exuviis
1003 1655 1305 1717 nitidusque
1334 1654 1548 1702 iuventa

209 1745 408 1793 lubrica
432 1744 696 1792 convolvit
722 1743 926 1792 sublato
951 1747 1157 1806 pectore
1183 1747 1341 1803 terga,

207 1833 399 1881 arduus
425 1832 491 1879 ad
517 1832 692 1892 solem,
720 1836 772 1878 et
797 1831 990 1891 linguis
1017 1830 1174 1877 micat
1200 1846 1283 1877 ore
1310 1828 1553 1877 trisulcis.

215 1921 332 1969 Una
356 1919 538 1980 ingens
563 1919 817 1982 Periphas
844 1923 895 1966 et
921 1933 1167 1980 equorum
1197 1918 1420 1979 agitator
1446 1915 1687 1977 Achillis,

209 2006 432 2069 armiger
457 2007 801 2067 Automedon,
826 2021 931 2053 una
955 2006 1122 2053 omnis
1151 2005 1332 2068 Scyria
1357 2004 1519 2067 pubes

209 2095 493 2142 succedunt
517 2099 653 2141 tecto
677 2099 729 2141 et
755 2093 988 2141 flammas
1015 2093 1080 2140 ad
1105 2092 1335 2141 culmina
1359 2092 1569 2138 iactant.

210 2182 330 2244 Ipse
356 2181 493 2229 inter
516 2181 710 2244 primos
735 2186 971 2243 correpta
995 2181 1125 2228 dura
1148 2179 1360 2242 bipenni

210 2269 392 2316 limina
417 2269 706 2331 perrumpit
732 2268 1001 2331 postisque
1028 2283 1058 2315 a
1084 2267 1292 2315 cardine
1319 2265 1468 2313 vellit

210 2360 436 2416 aeratos3
464 2355 669 2417 iamque
697 2355 870 2402 excisa
895 2356 1040 2402 trabe
1066 2354 1216 2401 firma
1240 2354 1446 2401 cavavit

211 2444 393 2491 robora
417 2447 469 2490 et
493 2442 755 2503 ingentem
784 2442 891 2489 lato
917 2442 1061 2489 dedit
1086 2458 1172 2489 ore
1197 2442 1496 2489 fenestram.

211 2531 445 2592 Apparet
471 2530 653 2577 domus
680 2529 820 2576 intus
847 2534 898 2576 et
925 2529 1059 2576 atria
1083 2528 1238 2589 longa
1264 2532 1538 2591 patescunt

211 2621 466 2680 apparent
491 2615 686 2663 Priami
712 2621 765 2663 et
792 2620 1024 2662 veterum
1052 2615 1343 2678 penetralia
1367 2631 1547 2676 regum

211 2707 543 2766 armatosque
570 2702 749 2749 vident
776 2707 973 2750 stantes
1006 2701 1059 2748 in
1086 2702 1264 2749 limine
1292 2701 1474 2764 primo.

1889 353 1957 389 46ss

1891 1400 1932 1438 47
1939 1405 1963 1436 u

1893 1838 1966 1875 475

1893 2275 1967 2312 480
