2148 3204
233 97 301 148 22
773 113 827 151 P.
874 113 1130 151 VERGILI
1168 113 1448 152 MARONIs

230 249 351 297 Non
377 258 470 298 nos
497 253 586 297 aut
611 250 751 298 serre
776 250 999 314 Libycos
1027 251 1275 313 populare
1298 252 1513 302 Penatis

231 337 465 386 venimus
492 342 581 385 aut
606 342 781 400 raptas
807 338 873 386 ad
897 337 1054 386 litora
1077 344 1276 386 vertere
1301 340 1547 402 praedas3

230 431 334 471 non
358 440 419 472 ea
442 432 520 473 vis
545 425 719 472 anime
745 440 839 472 nec
864 408 1013 472 tanta
1040 425 1282 487 superbia
1308 425 1478 474 victis.

229 511 328 559 Est
352 511 509 572 locus,
537 512 850 575 Hesperiam
878 513 1005 560 Grai
1029 512 1332 573 cognomine
1359 513 1552 575 dicunt,
1912 527 1983 563 530

230 603 369 647 terra
392 605 621 662 antiqua,
649 604 831 662 potens
859 607 1015 648 armis
1043 604 1199 661 atque
1225 600 1379 648 ubere
1405 600 1648 665 glaebae3

229 686 444 735 Oenetri
467 686 668 734 coluere
694 687 808 747 viri,
836 703 972 735 nunc
998 687 1142 735 fama
1166 687 1390 736 minores

230 765 438 821 Ttaliam
465 773 660 822 dixisse
687 774 834 822 ducis
860 775 924 821 de
949 774 1158 839 nomine
1185 779 1407 837 gentem.

228 860 333 908 Hic
358 876 538 909 cursus
564 861 684 922 fuit,

228 963 343 995 cum
371 948 544 996 subite
570 948 858 1014 adsurgens
884 949 1046 998 fluctu
1070 950 1336 1000 nimbosus
1364 951 1522 1001 Orien
1908 963 1984 1025 §35

227 1034 283 1082 in
309 1035 442 1083 vada
464 1051 614 1083 caeca
635 1036 763 1084 tulit
786 1037 1097 1101 penitusque
1123 1039 1425 1101 procacibus
1451 1040 1662 1090 Austris

227 1137 420 1185 perque
444 1123 611 1171 undas
639 1129 914 1186 superante
942 1126 1065 1185 sale,
1093 1142 1286 1189 perque
1312 1127 1455 1175 invia
1481 1143 1608 1176 saxa

228 1209 475 1272 dispulit3
514 1210 615 1258 huc
641 1220 795 1273 pauci
818 1217 1008 1261 Vestris
1036 1213 1344 1262 adnavimus
1371 1223 1491 1264 eris.

188 1297 372 1357 'squuod
393 1313 552 1358 genus
572 1298 668 1346 hec
688 1299 957 1347 hominum
977 1303 1002 1348 ἶ)
1041 1301 1247 1358 Quaeve
1264 1302 1401 1350 hunc
1419 1307 1526 1350 tam
1546 1303 1767 1352 barbara
1785 1311 1979 1352 merem

198 1363 487 1447 Xpermittit
511 1386 683 1448 patria
700 1388 725 1434 ?
765 1387 1014 1450 Hospitio
1040 1389 1375 1451 prohibemur
1401 1389 1655 1453 harenae3
1909 1402 1981 1438 540

226 1471 363 1519 bella
388 1472 526 1521 cient
551 1481 820 1536 primaque
846 1480 1028 1524 vetant
1053 1477 1336 1526 consistere
1359 1481 1513 1526 terra.

228 1559 284 1607 Si
308 1575 468 1620 genus
494 1560 777 1609 humanum
804 1567 854 1610 et
880 1564 1121 1612 mortalia
1145 1564 1381 1613 temnitis
1407 1581 1566 1627 arma,

226 1651 279 1694 at
306 1652 509 1709 sperate
534 1648 658 1696 dees
683 1659 933 1698 memores
959 1651 1109 1699 fandi
1133 1657 1287 1715 atque
1314 1653 1543 1701 nefandi.

226 1734 340 1781 Rex
366 1739 476 1782 erat
501 1735 705 1784 Aeneas
731 1737 893 1797 nobis,
921 1747 1022 1800 quo
1047 1739 1233 1787 iustior
1258 1740 1390 1788 alter

225 1836 319 1868 1160
345 1821 538 1883 pietate
564 1822 668 1870 fuit
693 1839 787 1871 nec
812 1824 949 1873 bello
976 1826 1137 1874 maior
1163 1832 1215 1874 et
1239 1836 1412 1876 armis,
1906 1836 1979 1875 545

225 1909 383 1965 Quem
412 1917 457 1956 si
482 1909 594 1957 fata
618 1910 787 1958 virum
814 1918 1037 1974 servant,
1066 1921 1111 1961 si
1136 1914 1362 1962 vescitur
1387 1923 1513 1964 aura

225 1995 457 2044 aetheria
481 2012 647 2059 neque
672 1998 840 2046 adhuc
866 2000 1162 2050 crudelibus
1189 2003 1401 2050 occubat
1427 2003 1640 2066 umbris,
1821 1956 1976 2110 w

222 2090 326 2130 nen
351 2084 548 2144 metus3
588 2084 751 2133 officio
776 2102 868 2133 nec
892 2090 945 2134 te
971 2092 1192 2136 certasse
1219 2090 1443 2150 priorem
1671 2092 1691 2104 ²
1885 2107 1894 2113 ·

224 2169 500 2230 paeniteat.
577 2170 709 2218 Sunt
735 2176 786 2218 et
812 2172 1000 2221 Siculis
1027 2174 1323 2235 regionibus
1349 2177 1501 2226 urbes

224 2270 465 2317 arvaque,
494 2257 818 2320 Troianoque
845 2267 875 2306 a
901 2261 1152 2321 sanguine
1178 2262 1346 2310 clarus
1375 2249 1603 2314 Acestes.
1904 2273 1979 2314 550

224 2342 527 2398 Quassatam
558 2349 724 2392 ventis
747 2345 906 2394 liceat
931 2348 1213 2396 subducere
1241 2349 1455 2398 classem

224 2433 276 2476 et
302 2428 447 2477 silvis
474 2436 651 2492 aptare
677 2433 848 2502 trabes
875 2439 926 2481 et
953 2435 1206 2496 stringere
1232 2445 1415 2498 remos,

225 2523 269 2563 31
295 2516 445 2563 datur
472 2510 679 2565 Ttaliam
709 2519 861 2568 sociis
887 2526 938 2568 et
964 2530 1079 2583 rege
1105 2528 1311 2587 recepte

224 2603 531 2679 tenderem&
558 2598 766 2653 ltaliam
793 2607 919 2655 laeti
946 2609 1254 2672 Latiumque
1282 2616 1543 2674 petamus3

225 2696 306 2735 sin
330 2681 606 2752 absumpta
630 2692 784 2753 salsis,
812 2698 865 2741 et
889 2699 955 2753 te,
985 2701 1131 2757 patei·
1157 2697 1350 2759 optime
1376 2699 1646 2761 Teucrum,
1897 2709 1970 2748 555

223 2779 412 2840 pontus
437 2776 594 2826 habet
618 2778 814 2844 Libyae
840 2797 932 2829 1160
958 2774 1074 2845 spes
1101 2782 1203 2831 iam
1229 2788 1392 2833 restat
1422 2785 1543 2844 Iuli,
