2148 3204
731 192 1038 229 AENEIDos
1078 193 1196 229 ΜΒ.
1237 193 1321 231 v1.
1803 184 1906 234 183

156 329 274 393 (hae
300 327 399 377 tibi
424 333 576 377 erunt
602 331 761 394 artes)
790 329 1008 392 pacique
1034 329 1297 393 imponere
1324 347 1536 394 morem,

155 432 359 479 parcere
386 415 633 464 subiectis
660 422 711 463 et
738 416 996 463 debellare
1024 418 1305 480 superbos!
1422 444 1558 531 Η

159 585 244 624 The
266 596 416 635 younq
436 585 693 633 Marcellus,
719 585 810 625 and
832 585 900 624 the
922 591 1048 636 yreat
1069 587 1192 636 yrief
1206 587 1259 639 os
1272 587 1426 628 Rome.

219 680 302 727 Sic
327 685 474 743 pater
495 679 768 740 Anchises,
796 685 951 742 atque
977 681 1104 729 haec
1129 681 1441 730 mirantibus
1467 682 1643 740 addit:

150 772 163 796 ‘
181 767 387 829 Aspice,
416 771 472 814 ut
496 766 719 827 insignis
747 767 929 829 spoliis
951 768 1232 817 Marcellus
1260 770 1447 832 opimis
1834 783 1906 820 855

148 853 440 915 ingreditur
464 853 732 916 victorque
759 854 897 902 viros
925 856 1274 917 supereminet
1301 857 1498 924 omnis.⁴

149 941 252 988 Hic
279 957 385 988 rem
411 942 714 1001 Romanam,
742 957 929 1001 magno
952 942 1197 990 turbante
1222 944 1469 1006 tumultu,

149 1028 300 1076 sistet
327 1044 497 1090 eques,
526 1034 723 1076 sternet
747 1029 949 1076 Poenos
978 1029 1291 1093 Gallumque
1317 1032 1580 1094 rebellem,

144 1115 402 1178 tertiaque
429 1131 571 1163 arma
595 1116 734 1178 patri
755 1117 1039 1178 suspendet
1064 1123 1216 1180 capta
1240 1119 1488 1175 Quirino)

145 1203 320 1265 Atque
344 1203 430 1250 hic
458 1204 659 1250 Aeneas
689 1201 815 1266 (una
838 1219 1060 1266 namque
1086 1203 1161 1252 ire
1187 1204 1398 1254 videbat
1831 1218 1903 1256 860

145 1290 408 1352 egregium
435 1291 605 1337 forma
629 1290 867 1338 iuvenem
897 1296 948 1339 et
973 1291 1500 1356 fulgentibusarmis,

145 1378 238 1425 sed
261 1378 405 1426 frons
434 1377 572 1425 laeta
595 1393 778 1440 parum
804 1382 855 1425 et
881 1378 1082 1426 deiecto
1107 1378 1306 1428 lumina
1330 1381 1498 1447 voltu)
1521 1400 1532 1431 :

146 1469 160 1494 ‘
178 1465 318 1525 Quis,
345 1471 507 1528 pater,
534 1465 639 1526 ille,
667 1465 837 1512 virum
864 1465 953 1528 qui
981 1446 1055 1513 sic
1078 1467 1357 1515 comitatur
1382 1474 1592 1517 euntem
1611 1471 1638 1518 ’.Ρ

144 1551 330 1612 Filius,
359 1568 489 1600 anne
516 1551 707 1614 aliquis
733 1569 923 1614 magna
947 1553 1009 1600 de
1036 1553 1198 1616 stirpe
1226 1558 1512 1617 nepotum?

144 1639 242 1695 Qui
268 1639 518 1701 strepitus
545 1639 680 1687 circa
697 1640 971 1688 comitum!
1045 1641 1309 1697 Quantum
1334 1641 1500 1690 instar
1526 1642 1582 1690 in
1607 1643 1750 1707 ipso!
1829 1655 1900 1691 865

146 1726 247 1774 Sed
271 1743 375 1773 nox
401 1731 513 1774 atra
538 1733 694 1790 caput
718 1727 861 1775 tristi
887 1728 1227 1776 circumvolat
1252 1730 1473 1777 umbra.'

145 1814 276 1860 Tum
301 1818 449 1876 pater
475 1813 732 1862 Anchises
758 1813 988 1863 lacrimis
1015 1815 1281 1876 ingressus
1307 1817 1525 1866 obortis:

143 1900 211 1949 ‘O
239 1905 407 1962 gnate,
434 1900 697 1961 ingentem
724 1901 924 1948 luctum
950 1918 1014 1949 ne
1041 1918 1228 1964 quaere
1252 1907 1475 1952 tuorum.

144 1986 434 2035 Ostendent
458 1988 610 2036 terris
636 1987 774 2035 hunc
794 1993 1000 2036 tantum
1026 1989 1152 2049 fata,
1180 2006 1271 2038 nec
1296 1990 1437 2039 ultra

142 2090 253 2122 esse
279 2074 468 2124 sinent.
536 2075 774 2122 Nimium
799 2076 947 2124 vobis
972 2077 1210 2125 Romana
1234 2093 1462 2140 propago
1824 2091 1896 2128 870

142 2160 256 2209 visa
279 2167 478 2225 potens,
506 2162 696 2225 superi,
723 2163 934 2226 propria
956 2163 1086 2212 haec
1111 2163 1156 2212 si
1182 2164 1318 2212 dona
1342 2164 1588 2215 fuissent.

142 2248 371 2305 Quantos
396 2249 487 2297 ille
511 2249 682 2296 virum
705 2266 942 2312 magnam
971 2251 1226 2299 Mavortis
1251 2253 1317 2299 ad
1341 2252 1517 2300 urbem

142 2351 352 2398 campus
378 2341 501 2402 aget*
519 2337 771 2397 gemitus!
842 2337 938 2386 Vel
965 2354 1110 2400 quae,
1138 2337 1394 2399 Tiberine,
1419 2339 1624 2390 videbis

140 2422 339 2484 funera,
367 2439 481 2471 cum
506 2423 766 2471 tumulum
790 2425 1169 2486 praeterlabere
1194 2427 1479 2475 recentem!
1593 2415 1596 2417 ‚

140 2509 251 2557 Nec
276 2526 403 2572 puer
427 2510 592 2558 Iliaca
617 2510 888 2573 quisquam
918 2512 981 2559 de
1002 2517 1154 2573 gente
1180 2512 1394 2561 Latinos
1459 2550 1462 2552 Α
1819 2524 1890 2564 875

139 2595 195 2644 in
219 2601 423 2644 tantum
448 2614 538 2660 spe
562 2598 715 2646 tollet
739 2614 876 2659 avos,
903 2614 996 2646 nec
1017 2598 1240 2646 Romula
1266 2601 1528 2662 quondam

140 2683 247 2731 ullo
273 2700 325 2732 se
351 2689 555 2732 tantum
580 2684 735 2732 tellus
756 2684 971 2733 iactabit
996 2686 1219 2734 alumno.

139 2770 260 2817 Heu
284 2770 467 2833 pietas,
493 2770 595 2817 heu
619 2770 792 2834 prisca
815 2771 959 2832 fides,
984 2771 1283 2834 invictaque
1301 2772 1445 2822 bello

139 2855 377 2905 dextera!
447 2857 568 2904 Non
593 2856 672 2904 illi
693 2873 746 2905 se
772 2858 1046 2921 quisquam
1073 2858 1282 2921 impune
1307 2860 1519 2911 tulisset
