2148 3204
237 124 306 178 50
771 134 827 173 Ρ.
873 133 1132 172 VERGILI
1171 131 1452 170 MARONIs

237 277 470 325 Aedibus
495 274 552 323 in
578 273 761 322 mediis
786 273 1028 335 nudoque
1055 271 1150 320 sub
1175 269 1400 319 aetheris
1427 284 1522 317 axe

237 365 421 426 ingens
448 379 536 411 ara
560 361 667 410 fuit
692 361 946 450 iuxtaque
971 359 1252 406 veterrima
1276 358 1468 419 laurus,
1579 418 1586 422 Ι

238 442 541 500 incumbens
566 443 698 498 arrae
709 453 865 510 atque
887 432 1075 494 11111313
1098 423 1369 508 comp1exa
1393 444 1621 492 Penatis.

241 540 343 587 Hic
370 537 586 586 Hecuba
611 541 663 584 et
687 540 839 583 natae
866 534 1181 596 nequiquam
1208 532 1395 580 altaria
1420 532 1628 591 circum,

239 625 548 690 praecipites
575 628 688 672 atra
711 638 805 670 3311
828 626 1141 684 tempestate
1165 619 1445 681 columbae,

240 715 522 763 condensae
548 716 599 760 et
623 710 803 759 divum
830 709 1098 771 amplexae
1126 708 1402 756 simulacra
1427 708 1689 756 sedebant.

241 803 421 865 Ipsum
448 805 620 849 autem
648 798 869 861 sumptis
895 796 1163 844 Priamum
1188 795 1514 843 iuvenalibus
1542 795 1699 842 armis

242 894 300 937 ut
325 888 474 949 vidit,
503 892 515 916 ⁶
531 887 671 944 Quae
697 901 843 933 mens
869 889 978 932 tam
1003 884 1131 944 dira,
1158 882 1446 931 miserrime
1472 882 1712 944 coniunx,

241 976 452 1039 impulit
476 975 559 1023 his
586 973 725 1034 cingi
751 973 871 1021 telis
890 974 915 1020 ?
987 972 1096 1019 Aut
1121 987 1221 1034 quo
1246 970 1354 1018 ru‘is
1374 973 1398 1018 ⁴?
1420 973 1429 992 ²
1455 969 1642 1032 inquit.

241 1069 254 1093 ‘
270 1065 391 1112 Non
415 1062 511 1110 tali
535 1062 731 1110 auxilio
758 1077 851 1108 nec
876 1059 1235 1108 defensoribus
1262 1057 1379 1106 istis

241 1158 446 1214 tempus
474 1155 620 1211 eget3
648 1165 750 1196 non
778 1149 822 1196 si
848 1148 959 1211 ipse
985 1163 1130 1195 meus
1155 1162 1292 1194 nunc
1319 1146 1524 1207 adforet
1548 1145 1756 1192 Hector.

242 1240 362 1286 Huc
387 1239 600 1286 tandem
623 1237 870 1295 concede3
909 1236 1036 1283 haec
1061 1250 1150 1283 ara
1173 1233 1405 1281 tuebitur
1430 1231 1614 1293 omnis,

243 1331 332 1374 aut
357 1325 574 1373 moriere
602 1323 795 1372 simul)
869 1323 952 1371 Sic
979 1338 1063 1369 ore
1089 1321 1246 1370 effata
1270 1319 1465 1383 recepit

243 1414 308 1461 ad
335 1429 445 1462 sese
469 1417 521 1460 et
548 1427 692 1460 sacra
718 1411 1026 1471 longaevum
1051 1409 1106 1456 in
1134 1409 1254 1457 sede
1278 1406 1489 1456 locavit.

245 1580 449 1630 Pyrrhus
470 1580 591 1629 szays
613 1578 705 1618 him
728 1582 774 1618 at
795 1578 865 1617 the
889 1578 1023 1617 altar.

311 1676 443 1723 Ecce
470 1679 642 1722 autem
668 1673 874 1735 elapsus
900 1671 1094 1735 Pyrrhi
1120 1672 1182 1720 de
1208 1671 1360 1719 caede
1386 1669 1599 1731 Polites,

243 1779 376 1812 unus
402 1767 639 1810 natorum
666 1760 878 1820 Priami,
906 1776 997 1822 per
1021 1759 1140 1820 tela,
1168 1775 1258 1822 per
1282 1758 1463 1819 hostis⁷

245 1850 531 1914 porticibus
556 1848 725 1910 longis
751 1848 892 1910 fugit
919 1852 970 1895 et
995 1863 1160 1895 vacua
1183 1845 1318 1894 atria
1342 1846 1531 1894 lustrat

247 1937 465 1987 saucius.
538 1936 696 1984 Illum
724 1936 910 1983 ardens
935 1935 1130 1983 infesto
1153 1934 1363 1981 volnere
1388 1933 1622 1996 Pyrrhus

247 2024 554 2087 insequitur,
581 2023 686 2071 iam
712 2023 917 2085 iamque
943 2038 1100 2070 manu
1123 2025 1267 2069 tenet
1293 2026 1343 2068 et
1370 2020 1560 2084 premit
1584 2020 1747 2068 hasta.
1797 2031 1820 2042 ‘

248 2112 324 2162 Ut
349 2112 559 2159 tandem
585 2115 704 2158 ante
731 2111 905 2158 oculos
933 2110 1101 2158 evasit
1125 2113 1179 2157 et
1203 2112 1606 2177 oraparentum,

247 2199 475 2247 concidit
500 2214 556 2246 33
582 2198 746 2246 11111113
775 2197 937 2246 vitam
964 2213 1080 2245 311111
1107 2196 1357 2258 sanguine
1383 2196 1537 2243 fudit.

251 2287 353 2334 Hic
378 2285 633 2346 Priamus,
661 2301 974 2348 quamquam
998 2285 1052 2332 in
1078 2285 1247 2332 media
1271 2284 1374 2332 iam
1399 2288 1561 2331 morte
1587 2287 1811 2344 tenetur,

250 2390 352 2421 11311
377 2378 549 2420 tamen
578 2373 832 2420 abstinuit
858 2389 950 2419 1133
978 2374 1091 2419 voci
1116 2372 1325 2434 iraeque
1350 2371 1581 2434 pepercit
1602 2389 1611 2418 :

252 2462 353 2508 ‘At
376 2460 473 2508 tibi
499 2476 592 2523 pro
619 2460 832 2508 scelere'
861 2460 1129 2520 exclamat,
1158 2464 1170 2487 ‘
1190 2475 1282 2522 pro
1307 2459 1500 2506 talibus
1525 2457 1666 2506 ausis

254 2549 319 2609 di,
349 2547 392 2595 si
418 2564 520 2610 qua
543 2553 622 2595 est
647 2548 786 2595 33313
812 2548 994 2610 pietas,
1021 2564 1151 2609 quae
1171 2546 1299 2595 talia
1324 2550 1479 2606 curet,

252 2634 552 2698 persolvant
578 2640 748 2695 grates
775 2635 957 2695 dignas
985 2640 1036 2682 et
1062 2634 1291 2697 praemia
1315 2617 1536 2681 reddant

253 2722 442 2782 debita,
470 2721 558 2784 qui
584 2722 693 2769 nati
718 2738 886 2769 coram
913 2737 993 2768 me
1019 2737 1223 2769 cernere
1248 2722 1412 2769 letum

255 2809 430 2856 fecisti
456 2813 509 2856 et
534 2808 730 2872 patrios
755 2808 981 2856 foedasti
1007 2808 1187 2856 funere
1214 2808 1399 2856 voltus.

1912 539 1986 578 515

1923 979 1994 1016 520

1925 1417 1997 1455 525

1927 2029 1999 2066 530
