2148 3204
230 151 299 202 52
539 142 542 144 ’
770 166 824 204 P.
869 167 1127 205 VERGILI
1164 167 1443 206 MARoms

237 290 442 341 Tempted
461 296 503 332 to
524 292 621 341 εἶαρ]
641 292 801 341 Helen,
827 293 878 333 he
899 294 937 332 is
957 294 1205 334 restrained
1225 294 1278 344 by
1310 293 1472 334 Venus.

295 394 512 456 Iamque
538 395 666 442 adeo
692 411 847 458 super
871 412 1005 444 unus
1032 412 1188 456 eram,
1215 412 1329 443 cum
1357 395 1542 444 limina
1565 397 1757 445 Vestae

228 488 521 531 servantem
547 489 600 530 et
624 484 838 531 tacitam
866 488 1065 531 secreta
1089 483 1144 531 in
1170 485 1288 532 sede
1314 483 1563 532 latentem

225 569 527 633 Tyndarida
551 569 774 633 aspici03
814 571 941 618 dant
966 570 1106 619 clara
1129 570 1371 619 incendia
1394 570 1564 618 lucem

225 657 420 705 erranti
447 658 746 721 passimque
771 658 945 707 oculos
972 675 1064 722 per
1088 663 1276 706 cuncta
1302 659 1507 706 ferenti.

225 744 328 793 Illa
352 744 452 793 sibi
476 744 698 794 infestos
725 762 904 794 eversa
927 747 992 794 ob
1015 747 1270 808 Pergama
1295 747 1517 794 Teucros

224 838 277 880 et
301 833 541 881 Danaum
565 849 783 896 poenam
811 839 862 881 et
889 832 1087 882 deserti
1111 833 1346 894 coniugis
1373 833 1477 882 iras

223 926 601 983 praemetuens,
629 921 813 969 Troiae
838 926 892 969 et
915 920 1116 984 patriae
1140 921 1427 969 communis
1451 921 1660 986 Erinys,

202 1008 495 1070 *abdiderat
522 1024 632 1057 sese
658 1014 814 1072 atque
842 1009 945 1057 aris
967 1009 1139 1057 invisa
1165 1009 1392 1058 sedebat.

223 1096 478 1144 Exarsere
503 1096 649 1157 ignes
675 1097 875 1159 animo3
918 1096 1057 1145 subit
1082 1096 1160 1145 ira
1183 1096 1454 1144 cadentem

221 1182 404 1230 ulcisci
429 1183 654 1246 patriam
687 1191 739 1231 et
770 1185 1047 1233 sceleratas
1080 1200 1281 1232 sumere
1316 1200 1526 1247 poena&
1776 1242 1779 1243 ⁷

223 1274 235 1297 ‘
254 1270 465 1318 Scilicet
494 1272 623 1320 haec
657 1273 896 1334 Spartam
925 1272 1202 1320 incolumis
1235 1270 1535 1334 patriasque
1562 1274 1812 1337 Mycenas

222 1357 442 1421 aspiciet
467 1364 720 1422 partoque
745 1360 844 1407 ibit
873 1360 1055 1421 regina
1078 1359 1360 1422 triumpho,

221 1446 623 1509 coniugiumque
654 1448 967 1509 domumque
993 1452 1165 1509 patres
1199 1452 1452 1509 natosque
1480 1447 1695 1508 videbit,

222 1532 449 1581 Iliadum
482 1535 637 1582 turba
664 1539 718 1582 et
747 1534 996 1597 Phrygiis
1027 1534 1274 1582 comitata
1304 1533 1560 1582 ministris
1585 1537 1609 1582 ἱ)

223 1621 487 1669 Occiderit
512 1622 651 1669 ferro
683 1622 925 1669 Priamus
950 1624 975 1669 ἱ)
1048 1622 1205 1669 Troia
1235 1622 1420 1670 arserit
1447 1621 1556 1683 igni
1579 1624 1604 1670 ?

221 1709 545 1756 Dardanium
580 1710 771 1758 totiens
807 1709 1008 1758 sudarit
1043 1709 1292 1770 sanguine
1323 1709 1449 1757 litus
1471 1711 1496 1757 ⁶?

220 1796 339 1843 Non
367 1795 458 1844 ita.
534 1797 775 1859 Namque
806 1796 904 1844 etsi
938 1797 1143 1844 nullum
1175 1795 1509 1843 memorabile
1539 1812 1729 1844 nomen
1790 1848 1793 1851 ,

220 1883 450 1931 feminea
478 1884 534 1931 in
562 1900 726 1946 poena
751 1891 829 1932 est
855 1900 947 1932 nec
974 1885 1130 1931 habet
1164 1883 1386 1931 victoria
1409 1883 1633 1943 laudem,

221 1971 540 2019 exstinxisse
566 1972 716 2019 nefas
741 1976 917 2019 tamen
943 1977 994 2019 ct
1021 1971 1305 2033 sumpsisse
1333 1970 1584 2018 merentis

220 2056 470 2105 laudabor
502 2074 711 2120 poenas,
745 2059 1080 2120 animumque
1106 2057 1342 2120 explesse
1376 2056 1578 2104 iuvabit

219 2143 423 2192 ultricis
456 2144 695 2192 flammae
730 2151 782 2193 et
813 2146 1009 2193 cineres
1043 2145 1262 2193 satiasse
1295 2124 1659 2210 meorum-‚217

221 2231 372 2279 Talia
395 2231 649 2279 iactabam
684 2237 736 2280 et
766 2233 963 2280 furiata
991 2237 1164 2280 mente
1190 2233 1409 2292 ferebar,
1511 2265 1514 2267 -
1546 2212 1602 2281 -J

218 2334 335 2366 cuin
361 2318 493 2366 mihi
523 2335 591 2379 se,
620 2336 724 2366 non
760 2325 880 2367 ante
909 2320 1072 2368 oculis
1109 2325 1217 2367 tam
1247 2319 1400 2379 clara,
1426 2317 1702 2366 videndam

220 2406 412 2453 obtulit
442 2413 495 2453 et
523 2423 650 2469 pura
687 2424 778 2469 per
812 2413 1015 2454 noctem
1045 2407 1101 2454 in
1134 2406 1248 2454 luce
1282 2405 1491 2455 refulsit

219 2492 357 2540 alma
381 2509 582 2555 parens,
618 2494 857 2541 confossa
885 2494 1033 2541 deam
1064 2494 1336 2556 qualisque
1374 2491 1537 2540 videri

220 2579 478 2627 caelicolis
515 2585 566 2627 et.
599 2586 796 2642 quanta
829 2581 975 2641 solet,
1008 2582 1294 2643 dextraque
1328 2579 1639 2642 prehensum

220 2666 479 2713 continuit
504 2683 753 2728 roseoque
778 2668 903 2714 haec
938 2668 1146 2729 insuper
1171 2667 1376 2714 addidit
1411 2682 1493 2713 ore
1516 2685 1525 2713 ε

221 2754 401 2813 ‘Nam
435 2753 551 2815 quis
577 2753 859 2801 indmnitas
892 2759 1069 2800 tantus
1100 2754 1244 2800 dolor
1277 2753 1471 2800 excitat
1503 2753 1606 2800 iras
1626 2754 1651 2800 ?

220 2839 356 2895 Quid
382 2839 556 2888 suris?
631 2841 738 2887 Aut
769 2857 991 2902 quonam
1030 2839 1195 2887 nostri
1226 2840 1322 2887 tibi
1349 2855 1472 2887 cura
1494 2839 1707 2886 recessit
1729 2841 1754 2887 ’.Ρ

1912 670 1984 708 570

1910 1107 1983 1144 575

1908 1546 1981 1582 580

1907 1982 1979 2018 585

1905 2417 1977 2452 590

1902 2848 1974 2885 595
