2148 3204
690 142 1000 180 AENEIDOS
1038 141 1159 178 LIB.
1204 140 1266 179 V.

109 289 178 336 Et
204 286 359 336 simul
383 285 466 333 his
492 283 646 332 dictis
662 281 852 330 faciem
878 280 1173 329 ostentabat
1197 284 1248 327 et
1274 278 1377 326 udo

108 374 282 437 turpia
306 372 535 420 membra
558 370 695 417 fimo.
773 367 914 416 Risit
938 373 1085 431 pater
1111 366 1338 429 optimus
1365 363 1457 412 olli

109 467 161 509 et
186 461 409 523 clipeum
434 457 606 506 efferri
631 456 799 515 iussit,
825 453 1170 518 Didymaonis
1195 453 1339 513 artis,

110 547 344 611 Neptuni
371 561 513 594 sacro
538 543 734 592 Danais
763 544 824 590 de
850 547 996 605 poste
1022 541 1271 602 refixu1n3

109 636 206 684 hoc
230 635 469 682 iuvenem
496 631 759 695 egregium
785 628 1075 693 praestanti
1099 643 1312 676 munere
1337 627 1513 676 donat.
1550 643 1590 691 μ,

118 806 204 846 The
227 805 388 854 boxinq
409 803 568 843 match.

176 902 304 948 Post
326 899 417 947 ubi
442 897 667 946 confecti
703 911 882 944 cursus
908 898 960 942 et
985 895 1120 942 dona
1144 892 1373 956 peregit:

114 988 313 1047 ‘Nunc‚
342 985 387 1034 si
412 985 495 1033 cui
520 984 686 1031 Virtus
713 983 1018 1044 animusque
1044 981 1099 1028 in
1124 985 1330 1043 pectore
1366 994 1629 1042 praesens,

112 1075 252 1123 adsit
277 1079 329 1121 et
354 1072 573 1121 evinctis
599 1070 809 1119 attollat
833 1063 1076 1117 bracchia
1100 1067 1328 1130 palmis)

116 1162 200 1211 Sic
225 1161 299 1209 ait
323 1165 375 1208 et
400 1159 660 1221 geminum
688 1172 888 1220 pugnae
914 1155 1158 1218 proponit
1189 1155 1454 1216 honorem,

113 1248 301 1297 victori
325 1247 554 1295 velatum
580 1261 705 1293 auro
729 1243 981 1305 vittisque
1015 1242 1306 1303 iuvencum,

115 1351 289 1384 ensem
315 1340 471 1396 atque
496 1332 755 1394 insignem
783 1331 986 1392 galeam
1007 1329 1200 1377 solacia
1224 1329 1378 1377 Victo.

115 1424 226 1471 Nec
251 1437 426 1482 mora3
466 1420 712 1468 continuo
737 1417 901 1466 vastis
927 1433 1044 1465 cum
1069 1416 1268 1464 viribus
1295 1417 1447 1465 effert

116 1526 206 1558 ora
229 1510 392 1556 Dares
418 1522 706 1570 magnoque
732 1505 900 1552 Virum
926 1520 979 1552 se
1004 1519 1265 1551 murmure
1289 1503 1446 1566 tollit,

118 1597 257 1646 solus
284 1595 375 1659 qui
398 1595 641 1643 Paridem
667 1592 852 1642 solitus
877 1592 1184 1640 contendere
1210 1596 1402 1651 contra,

118 1685 360 1746 idemque
385 1683 452 1730 ad
475 1681 749 1741 tumuium,
780 1696 881 1743 quo
906 1679 1164 1726 maximus
1192 1679 1408 1726 occubat
1432 1678 1647 1740 Hector,

118 1772 368 1819 victorem
394 1771 581 1829 Buten,
607 1768 824 1816 immani
851 1781 1061 1829 corpore
1089 1765 1180 1828 qui
1207 1781 1259 1813 se

121 1857 376 1921 Bebrycia
401 1856 612 1904 veniens
639 1855 829 1918 Amyci
855 1855 917 1902 de
944 1857 1095 1914 gente
1120 1853 1335 1912 ferebat,

122 1926 344 2008 perculit
362 1948 414 1991 et
439 1943 590 1990 fulva
613 1942 978 1990 moribundum
999 1940 1236 1987 extendit
1269 1939 1479 1987 harena.

123 2032 266 2080 Talis
291 2032 462 2094 prima
485 2031 648 2078 Dares
674 2034 830 2092 caput
855 2028 1020 2076 altum
1046 2027 1100 2074 in
1120 2027 1315 2090 proelia
1339 2027 1482 2076 tollit

126 2118 458 2180 ostenditque
481 2132 687 2165 umeros
713 2116 847 2164 latos
874 2116 1176 2177 alternaque
1202 2115 1361 2162 iactat

124 2205 365 2254 bracchia
389 2204 706 2267 protendens
732 2208 784 2251 et
809 2203 1047 2250 verberat
1072 2202 1262 2250 ictibus
1289 2217 1455 2250 auras.

126 2292 401 2350 Quaeritur
425 2291 547 2338 huic
573 2291 707 2338 alius
729 2309 740 2352 3
766 2306 860 2338 nec
886 2290 1163 2352 quisquam
1189 2304 1252 2336 ex
1278 2289 1480 2350 agmine
1506 2293 1657 2336 tanto

129 2380 285 2427 audet
311 2379 453 2426 adire
477 2378 648 2425 virum
674 2370 1015 2439 manibusque
1041 2376 1285 2423 inducere
1322 2379 1539 2423 caestus.

127 2468 265 2527 Ergo
290 2465 474 2513 alacris
499 2470 814 2526 cunctosque
834 2468 1023 2526 putans
1049 2463 1293 2511 excedere
1318 2462 1494 2525 palma

130 2555 335 2600 Aeneae
363 2552 511 2600 stetit
537 2557 657 2599 ante
682 2552 855 2614 pedes,
882 2566 976 2598 nec
1002 2550 1155 2613 plura
1179 2554 1410 2597 moratus
1480 2560 1491 2569 ⁸

130 2644 242 2687 tum
267 2639 415 2686 laeva
437 2643 644 2686 taurum
669 2654 824 2685 cornu
852 2642 995 2685 tenet
1021 2642 1175 2699 atque
1201 2637 1276 2683 ita
1300 2637 1475 2685 fatur:

134 2727 299 2773 ‘Nate
325 2726 434 2785 dea,
461 2725 504 2772 si
530 2741 680 2772 nemo
705 2725 860 2772 audet
888 2739 940 2772 se
966 2724 1171 2771 credere
1198 2738 1415 2785 pugnae,

133 2828 264 2875 quae
288 2811 410 2859 finis
437 2811 610 2859 standi
631 2812 656 2858 ?
728 2811 836 2868 Quo
861 2825 942 2857 me
969 2811 1115 2857 decet
1144 2825 1308 2872 usque
1333 2808 1545 2858 teneri?

1802 1600 1872 1636 370

1804 2035 1874 2072 375

1806 2472 1874 2508 380
