<?xml version="1.0" encoding="UTF-8"?>
<!DOCTYPE html PUBLIC "-//W3C//DTD XHTML 1.0 Transitional//EN"
    "http://www.w3.org/TR/xhtml1/DTD/xhtml1-transitional.dtd">
<html xmlns="http://www.w3.org/1999/xhtml" xml:lang="en" lang="en">
 <head>
  <title>
</title>
<meta http-equiv="Content-Type" content="text/html;charset=utf-8" />
  <meta name='ocr-system' content='tesseract 3.04.00' />
  <meta name='ocr-capabilities' content='ocr_page ocr_carea ocr_par ocr_line ocrx_word'/>
</head>
<body>
  <div class='ocr_page' id='page_1' title='image "./virgilsaeneidboo00virgrich_0147.png"; bbox 0 0 2148 3204; ppageno 0'>
   <div class='ocr_carea' id='block_1_1' title="bbox 713 130 1312 167">
    <p class='ocr_par' dir='ltr' id='par_1_1' title="bbox 713 130 1312 167">
     <span class='ocr_line' id='line_1_1' title="bbox 713 130 1312 167; baseline 0 0"><span class='ocrx_word' id='word_1_1' title='bbox 713 130 1020 167; x_wconf 88' lang='lat' dir='ltr'>AENEIDOS</span> <span class='ocrx_word' id='word_1_2' title='bbox 1058 130 1178 167; x_wconf 86' lang='lat' dir='ltr'><strong>LIB.</strong></span> <span class='ocrx_word' id='word_1_3' title='bbox 1223 130 1312 167; x_wconf 83' lang='lat'>111.</span> 
     </span>
    </p>
   </div>
   <div class='ocr_carea' id='block_1_2' title="bbox 141 267 1637 2771">
    <p class='ocr_par' dir='ltr' id='par_1_2' title="bbox 143 267 1404 334">
     <span class='ocr_line' id='line_1_2' title="bbox 143 267 1404 334; baseline -0.002 -16"><span class='ocrx_word' id='word_1_4' title='bbox 143 275 297 334; x_wconf 87' lang='lat' dir='ltr'>plena</span> <span class='ocrx_word' id='word_1_5' title='bbox 319 285 411 334; x_wconf 88' lang='lat' dir='ltr'>per</span> <span class='ocrx_word' id='word_1_6' title='bbox 435 269 659 317; x_wconf 86' lang='lat' dir='ltr'>insertas</span> <span class='ocrx_word' id='word_1_7' title='bbox 685 268 940 316; x_wconf 81' lang='lat' dir='ltr'>fundebat</span> <span class='ocrx_word' id='word_1_8' title='bbox 966 267 1092 316; x_wconf 83' lang='lat' dir='ltr'>luna</span> <span class='ocrx_word' id='word_1_9' title='bbox 1116 267 1404 329; x_wconf 82' lang='lat' dir='ltr'>fenestras;</span> 
     </span>
    </p>

    <p class='ocr_par' dir='ltr' id='par_1_3' title="bbox 141 354 1356 406">
     <span class='ocr_line' id='line_1_3' title="bbox 141 354 1356 406; baseline -0.002 0"><span class='ocrx_word' id='word_1_10' title='bbox 141 365 253 406; x_wconf 87' lang='lat' dir='ltr'>tum</span> <span class='ocrx_word' id='word_1_11' title='bbox 279 357 354 406; x_wconf 88' lang='lat' dir='ltr'>sic</span> <span class='ocrx_word' id='word_1_12' title='bbox 379 356 549 405; x_wconf 79' lang='lat' dir='ltr'>adfari</span> <span class='ocrx_word' id='word_1_13' title='bbox 575 361 627 403; x_wconf 86' lang='lat' dir='ltr'>et</span> <span class='ocrx_word' id='word_1_14' title='bbox 652 371 799 403; x_wconf 89' lang='lat' dir='ltr'>curas</span> <span class='ocrx_word' id='word_1_15' title='bbox 827 354 909 403; x_wconf 87' lang='lat' dir='ltr'>his</span> <span class='ocrx_word' id='word_1_16' title='bbox 941 356 1144 402; x_wconf 89' lang='lat' dir='ltr'>demere</span> <span class='ocrx_word' id='word_1_17' title='bbox 1172 354 1356 403; x_wconf 85' lang='lat' dir='ltr'>dictis:</span> 
     </span>
    </p>

    <p class='ocr_par' dir='ltr' id='par_1_4' title="bbox 141 441 1535 679">
     <span class='ocr_line' id='line_1_4' title="bbox 143 441 1535 505; baseline -0.001 -13"><span class='ocrx_word' id='word_1_18' title='bbox 143 449 156 475; x_wconf 88' lang='lat'>‘</span> <span class='ocrx_word' id='word_1_19' title='bbox 172 445 320 503; x_wconf 80' lang='lat' dir='ltr'>Quod</span> <span class='ocrx_word' id='word_1_20' title='bbox 343 443 442 492; x_wconf 87' lang='lat' dir='ltr'>tibi</span> <span class='ocrx_word' id='word_1_21' title='bbox 467 443 641 491; x_wconf 82' lang='lat' dir='ltr'>delato</span> <span class='ocrx_word' id='word_1_22' title='bbox 667 442 938 505; x_wconf 75' lang='lat' dir='ltr'>Ortygiam</span> <span class='ocrx_word' id='word_1_23' title='bbox 965 442 1199 490; x_wconf 85' lang='lat' dir='ltr'>dicturus</span> <span class='ocrx_word' id='word_1_24' title='bbox 1225 441 1416 504; x_wconf 80' lang='lat' dir='ltr'>Apollo</span> <span class='ocrx_word' id='word_1_25' title='bbox 1440 448 1535 504; x_wconf 84' lang='lat' dir='ltr'>est,</span> 
     </span>
     <span class='ocr_line' id='line_1_5' title="bbox 141 528 1464 580; baseline -0.002 0"><span class='ocrx_word' id='word_1_26' title='bbox 141 531 227 580; x_wconf 89' lang='lat' dir='ltr'>hic</span> <span class='ocrx_word' id='word_1_27' title='bbox 252 530 392 579; x_wconf 89' lang='lat' dir='ltr'>canit</span> <span class='ocrx_word' id='word_1_28' title='bbox 417 534 469 579; x_wconf 90' lang='lat' dir='ltr'>et</span> <span class='ocrx_word' id='word_1_29' title='bbox 494 534 586 578; x_wconf 90' lang='lat' dir='ltr'>tua</span> <span class='ocrx_word' id='word_1_30' title='bbox 609 545 704 577; x_wconf 91' lang='lat' dir='ltr'>nos</span> <span class='ocrx_word' id='word_1_31' title='bbox 730 545 794 577; x_wconf 91' lang='lat' dir='ltr'>en</span> <span class='ocrx_word' id='word_1_32' title='bbox 819 529 957 577; x_wconf 84' lang='lat' dir='ltr'>ultro</span> <span class='ocrx_word' id='word_1_33' title='bbox 982 529 1048 577; x_wconf 86' lang='lat' dir='ltr'>ad</span> <span class='ocrx_word' id='word_1_34' title='bbox 1072 528 1255 576; x_wconf 87' lang='lat' dir='ltr'>limina</span> <span class='ocrx_word' id='word_1_35' title='bbox 1279 529 1464 579; x_wconf 88' lang='lat' dir='ltr'>mittit.</span> 
     </span>
     <span class='ocr_line' id='line_1_6' title="bbox 141 615 1445 679; baseline -0.004 -11"><span class='ocrx_word' id='word_1_36' title='bbox 141 619 254 668; x_wconf 87' lang='lat' dir='ltr'>Nos</span> <span class='ocrx_word' id='word_1_37' title='bbox 278 623 329 666; x_wconf 88' lang='lat' dir='ltr'>te</span> <span class='ocrx_word' id='word_1_38' title='bbox 356 616 620 665; x_wconf 90' lang='lat' dir='ltr'>Dardania</span> <span class='ocrx_word' id='word_1_39' title='bbox 643 615 856 665; x_wconf 88' lang='lat' dir='ltr'>incensa</span> <span class='ocrx_word' id='word_1_40' title='bbox 879 620 1072 679; x_wconf 89' lang='lat' dir='ltr'>tuaque</span> <span class='ocrx_word' id='word_1_41' title='bbox 1098 632 1241 664; x_wconf 89' lang='lat' dir='ltr'>arma</span> <span class='ocrx_word' id='word_1_42' title='bbox 1267 616 1445 676; x_wconf 87' lang='lat' dir='ltr'>secuti,</span> 
     </span>
    </p>

    <p class='ocr_par' dir='ltr' id='par_1_5' title="bbox 143 702 1558 1203">
     <span class='ocr_line' id='line_1_7' title="bbox 143 702 1516 767; baseline -0.002 -13"><span class='ocrx_word' id='word_1_43' title='bbox 143 722 236 755; x_wconf 89' lang='lat' dir='ltr'>nos</span> <span class='ocrx_word' id='word_1_44' title='bbox 259 704 519 754; x_wconf 87' lang='lat' dir='ltr'>tumidum</span> <span class='ocrx_word' id='word_1_45' title='bbox 545 704 640 753; x_wconf 88' lang='lat' dir='ltr'>sub</span> <span class='ocrx_word' id='word_1_46' title='bbox 664 708 716 752; x_wconf 89' lang='lat' dir='ltr'>te</span> <span class='ocrx_word' id='word_1_47' title='bbox 741 703 1001 767; x_wconf 80' lang='lat' dir='ltr'>permensi</span> <span class='ocrx_word' id='word_1_48' title='bbox 1028 702 1280 751; x_wconf 86' lang='lat' dir='ltr'>elassibus</span> <span class='ocrx_word' id='word_1_49' title='bbox 1308 718 1516 766; x_wconf 82' lang='lat' dir='ltr'>aequor,</span> 
     </span>
     <span class='ocr_line' id='line_1_8' title="bbox 143 774 1312 852; baseline -0.003 -11"><span class='ocrx_word' id='word_1_50' title='bbox 143 793 282 841; x_wconf 90' lang='lat' dir='ltr'>idem</span> <span class='ocrx_word' id='word_1_51' title='bbox 310 798 556 840; x_wconf 80' lang='lat' dir='ltr'>venturos</span> <span class='ocrx_word' id='word_1_52' title='bbox 582 774 827 839; x_wconf 81' lang='lat' dir='ltr'>tollemus</span> <span class='ocrx_word' id='word_1_53' title='bbox 853 790 909 838; x_wconf 88' lang='lat' dir='ltr'>in</span> <span class='ocrx_word' id='word_1_54' title='bbox 934 796 1074 838; x_wconf 88' lang='lat' dir='ltr'>astra</span> <span class='ocrx_word' id='word_1_55' title='bbox 1098 795 1312 852; x_wconf 75' lang='lat' dir='ltr'>nepotes</span> 
     </span>
     <span class='ocr_line' id='line_1_9' title="bbox 144 875 1544 943; baseline 0 -15"><span class='ocrx_word' id='word_1_56' title='bbox 144 879 520 943; x_wconf 75' lang='lat' dir='ltr'>imperiumque</span> <span class='ocrx_word' id='word_1_57' title='bbox 543 878 659 926; x_wconf 86' lang='lat' dir='ltr'>urbi</span> <span class='ocrx_word' id='word_1_58' title='bbox 684 878 938 928; x_wconf 77' lang='lat' dir='ltr'>dabimus.</span> <span class='ocrx_word' id='word_1_59' title='bbox 1010 878 1090 925; x_wconf 83' lang='lat' dir='ltr'>Tu</span> <span class='ocrx_word' id='word_1_60' title='bbox 1114 878 1316 926; x_wconf 89' lang='lat' dir='ltr'>moenia</span> <span class='ocrx_word' id='word_1_61' title='bbox 1341 875 1544 939; x_wconf 79' lang='lat' dir='ltr'>magnis</span> 
     </span>
     <span class='ocr_line' id='line_1_10' title="bbox 144 965 1558 1030; baseline -0.001 -15"><span class='ocrx_word' id='word_1_62' title='bbox 144 983 331 1028; x_wconf 89' lang='lat' dir='ltr'>magna</span> <span class='ocrx_word' id='word_1_63' title='bbox 354 982 480 1030; x_wconf 89' lang='lat' dir='ltr'>para</span> <span class='ocrx_word' id='word_1_64' title='bbox 503 965 818 1028; x_wconf 79' lang='lat' dir='ltr'>longumque</span> <span class='ocrx_word' id='word_1_65' title='bbox 842 965 996 1026; x_wconf 84' lang='lat' dir='ltr'>fugae</span> <span class='ocrx_word' id='word_1_66' title='bbox 1022 981 1085 1012; x_wconf 90' lang='lat' dir='ltr'>ne</span> <span class='ocrx_word' id='word_1_67' title='bbox 1112 965 1289 1027; x_wconf 83' lang='lat' dir='ltr'>linque</span> <span class='ocrx_word' id='word_1_68' title='bbox 1315 965 1558 1014; x_wconf 81' lang='lat' dir='ltr'>laborem.</span> 
     </span>
     <span class='ocr_line' id='line_1_11' title="bbox 145 1046 1462 1103; baseline -0.001 -1"><span class='ocrx_word' id='word_1_69' title='bbox 145 1055 428 1103; x_wconf 73' lang='lat' dir='ltr'>Mutandae</span> <span class='ocrx_word' id='word_1_70' title='bbox 455 1054 620 1102; x_wconf 89' lang='lat' dir='ltr'>sedes.</span> <span class='ocrx_word' id='word_1_71' title='bbox 689 1053 811 1101; x_wconf 84' lang='lat' dir='ltr'>Non</span> <span class='ocrx_word' id='word_1_72' title='bbox 834 1052 961 1100; x_wconf 88' lang='lat' dir='ltr'>haec</span> <span class='ocrx_word' id='word_1_73' title='bbox 986 1052 1084 1100; x_wconf 88' lang='lat' dir='ltr'>tibi</span> <span class='ocrx_word' id='word_1_74' title='bbox 1109 1046 1264 1100; x_wconf 82' lang='lat' dir='ltr'>litora</span> <span class='ocrx_word' id='word_1_75' title='bbox 1297 1052 1462 1101; x_wconf 82' lang='lat' dir='ltr'>suasit</span> 
     </span>
     <span class='ocr_line' id='line_1_12' title="bbox 143 1140 1356 1203; baseline -0.002 -13"><span class='ocrx_word' id='word_1_76' title='bbox 143 1142 329 1192; x_wconf 87' lang='lat' dir='ltr'>Delius</span> <span class='ocrx_word' id='word_1_77' title='bbox 354 1146 443 1190; x_wconf 86' lang='lat' dir='ltr'>aut</span> <span class='ocrx_word' id='word_1_78' title='bbox 469 1142 651 1190; x_wconf 87' lang='lat' dir='ltr'>Cretae</span> <span class='ocrx_word' id='word_1_79' title='bbox 676 1140 832 1188; x_wconf 84' lang='lat' dir='ltr'>iussit</span> <span class='ocrx_word' id='word_1_80' title='bbox 857 1140 1122 1187; x_wconf 88' lang='lat' dir='ltr'>considere</span> <span class='ocrx_word' id='word_1_81' title='bbox 1150 1140 1356 1203; x_wconf 82' lang='lat' dir='ltr'>Apollo.</span> 
     </span>
    </p>

    <p class='ocr_par' dir='ltr' id='par_1_6' title="bbox 143 1226 1561 1463">
     <span class='ocr_line' id='line_1_13' title="bbox 143 1226 1470 1290; baseline -0.002 -13"><span class='ocrx_word' id='word_1_82' title='bbox 143 1231 240 1278; x_wconf 88' lang='lat' dir='ltr'>Est</span> <span class='ocrx_word' id='word_1_83' title='bbox 265 1229 424 1289; x_wconf 82' lang='lat' dir='ltr'>locus,</span> <span class='ocrx_word' id='word_1_84' title='bbox 451 1228 764 1290; x_wconf 82' lang='lat' dir='ltr'>Hesperiam</span> <span class='ocrx_word' id='word_1_85' title='bbox 791 1227 917 1276; x_wconf 84' lang='lat' dir='ltr'>Grai</span> <span class='ocrx_word' id='word_1_86' title='bbox 943 1226 1246 1288; x_wconf 83' lang='lat' dir='ltr'>cognomine</span> <span class='ocrx_word' id='word_1_87' title='bbox 1272 1226 1470 1287; x_wconf 85' lang='lat' dir='ltr'>dicunt,</span> 
     </span>
     <span class='ocr_line' id='line_1_14' title="bbox 144 1313 1561 1379; baseline -0.001 -15"><span class='ocrx_word' id='word_1_88' title='bbox 144 1322 283 1365; x_wconf 90' lang='lat' dir='ltr'>terra</span> <span class='ocrx_word' id='word_1_89' title='bbox 307 1315 536 1379; x_wconf 82' lang='lat' dir='ltr'>antiqua,</span> <span class='ocrx_word' id='word_1_90' title='bbox 563 1320 748 1378; x_wconf 88' lang='lat' dir='ltr'>potens</span> <span class='ocrx_word' id='word_1_91' title='bbox 773 1313 931 1362; x_wconf 89' lang='lat' dir='ltr'>armis</span> <span class='ocrx_word' id='word_1_92' title='bbox 958 1322 1114 1377; x_wconf 88' lang='lat' dir='ltr'>atque</span> <span class='ocrx_word' id='word_1_93' title='bbox 1139 1315 1293 1361; x_wconf 90' lang='lat' dir='ltr'>ubere</span> <span class='ocrx_word' id='word_1_94' title='bbox 1319 1313 1561 1377; x_wconf 78' lang='lat' dir='ltr'>glaebae3</span> 
     </span>
     <span class='ocr_line' id='line_1_15' title="bbox 146 1401 1323 1463; baseline -0.003 -11"><span class='ocrx_word' id='word_1_95' title='bbox 146 1404 360 1453; x_wconf 83' lang='lat' dir='ltr'>Oenotri</span> <span class='ocrx_word' id='word_1_96' title='bbox 383 1403 584 1451; x_wconf 84' lang='lat' dir='ltr'>coluere</span> <span class='ocrx_word' id='word_1_97' title='bbox 611 1401 739 1463; x_wconf 83' lang='lat' dir='ltr'>viri3</span> <span class='ocrx_word' id='word_1_98' title='bbox 777 1417 914 1449; x_wconf 88' lang='lat' dir='ltr'>nnnc</span> <span class='ocrx_word' id='word_1_99' title='bbox 935 1401 1077 1449; x_wconf 82' lang='lat' dir='ltr'>fama</span> <span class='ocrx_word' id='word_1_100' title='bbox 1101 1401 1323 1449; x_wconf 89' lang='lat' dir='ltr'>minores</span> 
     </span>
    </p>

    <p class='ocr_par' dir='ltr' id='par_1_7' title="bbox 146 1488 1322 1549">
     <span class='ocr_line' id='line_1_16' title="bbox 146 1488 1322 1549; baseline -0.003 -11"><span class='ocrx_word' id='word_1_101' title='bbox 146 1491 357 1539; x_wconf 80' lang='lat' dir='ltr'>Italiam</span> <span class='ocrx_word' id='word_1_102' title='bbox 382 1490 576 1538; x_wconf 81' lang='lat' dir='ltr'>dixisse</span> <span class='ocrx_word' id='word_1_103' title='bbox 604 1489 748 1537; x_wconf 88' lang='lat' dir='ltr'>ducis</span> <span class='ocrx_word' id='word_1_104' title='bbox 775 1489 838 1536; x_wconf 89' lang='lat' dir='ltr'>de</span> <span class='ocrx_word' id='word_1_105' title='bbox 863 1488 1072 1536; x_wconf 89' lang='lat' dir='ltr'>nomine</span> <span class='ocrx_word' id='word_1_106' title='bbox 1099 1492 1322 1549; x_wconf 85' lang='lat' dir='ltr'>gentem.</span> 
     </span>
    </p>

    <p class='ocr_par' dir='ltr' id='par_1_8' title="bbox 145 1575 1637 2060">
     <span class='ocr_line' id='line_1_17' title="bbox 147 1575 1516 1640; baseline -0.002 -14"><span class='ocrx_word' id='word_1_107' title='bbox 147 1579 262 1626; x_wconf 90' lang='lat' dir='ltr'>Hae</span> <span class='ocrx_word' id='word_1_108' title='bbox 288 1577 434 1626; x_wconf 89' lang='lat' dir='ltr'>nobis</span> <span class='ocrx_word' id='word_1_109' title='bbox 461 1577 698 1640; x_wconf 89' lang='lat' dir='ltr'>propriae</span> <span class='ocrx_word' id='word_1_110' title='bbox 727 1577 887 1636; x_wconf 88' lang='lat' dir='ltr'>sedes,</span> <span class='ocrx_word' id='word_1_111' title='bbox 917 1575 1038 1623; x_wconf 87' lang='lat' dir='ltr'>hinc</span> <span class='ocrx_word' id='word_1_112' title='bbox 1064 1575 1340 1623; x_wconf 87' lang='lat' dir='ltr'>Dardanus</span> <span class='ocrx_word' id='word_1_113' title='bbox 1367 1580 1516 1629; x_wconf 81' lang='lat' dir='ltr'>ortus</span> 
     </span>
     <span class='ocr_line' id='line_1_18' title="bbox 145 1662 1525 1727; baseline -0.001 -15"><span class='ocrx_word' id='word_1_114' title='bbox 145 1664 421 1727; x_wconf 86' lang='lat' dir='ltr'>Iasiusque</span> <span class='ocrx_word' id='word_1_115' title='bbox 453 1670 615 1727; x_wconf 88' lang='lat' dir='ltr'>pater,</span> <span class='ocrx_word' id='word_1_116' title='bbox 646 1680 806 1725; x_wconf 87' lang='lat' dir='ltr'>genus</span> <span class='ocrx_word' id='word_1_117' title='bbox 834 1679 865 1711; x_wconf 92' lang='lat' dir='ltr'>a</span> <span class='ocrx_word' id='word_1_118' title='bbox 889 1678 990 1726; x_wconf 90' lang='lat' dir='ltr'>quo</span> <span class='ocrx_word' id='word_1_119' title='bbox 1015 1662 1250 1726; x_wconf 85' lang='lat' dir='ltr'>principe</span> <span class='ocrx_word' id='word_1_120' title='bbox 1276 1668 1525 1711; x_wconf 86' lang='lat' dir='ltr'>nostrum.</span> 
     </span>
     <span class='ocr_line' id='line_1_19' title="bbox 148 1749 1514 1813; baseline 0 -15"><span class='ocrx_word' id='word_1_121' title='bbox 148 1752 315 1813; x_wconf 84' lang='lat' dir='ltr'>Surge</span> <span class='ocrx_word' id='word_1_122' title='bbox 333 1767 425 1812; x_wconf 87' lang='lat' dir='ltr'>age</span> <span class='ocrx_word' id='word_1_123' title='bbox 451 1756 502 1798; x_wconf 86' lang='lat' dir='ltr'>et</span> <span class='ocrx_word' id='word_1_124' title='bbox 527 1749 652 1798; x_wconf 84' lang='lat' dir='ltr'>haec</span> <span class='ocrx_word' id='word_1_125' title='bbox 675 1749 844 1798; x_wconf 88' lang='lat' dir='ltr'>laetus</span> <span class='ocrx_word' id='word_1_126' title='bbox 870 1749 1121 1810; x_wconf 86' lang='lat' dir='ltr'>longaevo</span> <span class='ocrx_word' id='word_1_127' title='bbox 1146 1750 1286 1797; x_wconf 88' lang='lat' dir='ltr'>dicta</span> <span class='ocrx_word' id='word_1_128' title='bbox 1307 1749 1514 1812; x_wconf 84' lang='lat' dir='ltr'>parenti</span> 
     </span>
     <span class='ocr_line' id='line_1_20' title="bbox 145 1835 1637 1900; baseline 0.001 -15"><span class='ocrx_word' id='word_1_129' title='bbox 145 1839 286 1886; x_wconf 86' lang='lat' dir='ltr'>haud</span> <span class='ocrx_word' id='word_1_130' title='bbox 310 1837 596 1886; x_wconf 83' lang='lat' dir='ltr'>dubitanda</span> <span class='ocrx_word' id='word_1_131' title='bbox 619 1838 770 1897; x_wconf 79' lang='lat' dir='ltr'>refer,</span> <span class='ocrx_word' id='word_1_132' title='bbox 800 1837 1086 1900; x_wconf 79' lang='lat' dir='ltr'>Corythum</span> <span class='ocrx_word' id='word_1_133' title='bbox 1111 1842 1379 1899; x_wconf 81' lang='lat' dir='ltr'>terrasque</span> <span class='ocrx_word' id='word_1_134' title='bbox 1405 1835 1637 1899; x_wconf 69' lang='lat' dir='ltr'>requirat</span> 
     </span>
     <span class='ocr_line' id='line_1_21' title="bbox 146 1923 1437 1987; baseline -0.001 -14"><span class='ocrx_word' id='word_1_135' title='bbox 146 1925 403 1973; x_wconf 88' lang='lat' dir='ltr'>Ausonias</span> <span class='ocrx_word' id='word_1_136' title='bbox 425 1943 436 1986; x_wconf 82' lang='lat'><em>3</em></span> <span class='ocrx_word' id='word_1_137' title='bbox 475 1925 694 1972; x_wconf 88' lang='lat' dir='ltr'>Dictaea</span> <span class='ocrx_word' id='word_1_138' title='bbox 717 1928 873 1985; x_wconf 87' lang='lat' dir='ltr'>negat</span> <span class='ocrx_word' id='word_1_139' title='bbox 898 1923 997 1971; x_wconf 87' lang='lat' dir='ltr'>tibi</span> <span class='ocrx_word' id='word_1_140' title='bbox 1017 1923 1256 1987; x_wconf 86' lang='lat' dir='ltr'>Iuppiter</span> <span class='ocrx_word' id='word_1_141' title='bbox 1282 1924 1437 1972; x_wconf 63' lang='lat' dir='ltr'>arva!</span> 
     </span>
     <span class='ocr_line' id='line_1_22' title="bbox 145 2010 1254 2060; baseline -0.002 -1"><span class='ocrx_word' id='word_1_142' title='bbox 145 2011 359 2060; x_wconf 82' lang='lat' dir='ltr'>Talibus</span> <span class='ocrx_word' id='word_1_143' title='bbox 385 2010 640 2060; x_wconf 88' lang='lat' dir='ltr'>attonitus</span> <span class='ocrx_word' id='word_1_144' title='bbox 666 2011 793 2060; x_wconf 83' lang='lat' dir='ltr'>visis</span> <span class='ocrx_word' id='word_1_145' title='bbox 820 2015 872 2059; x_wconf 91' lang='lat' dir='ltr'>et</span> <span class='ocrx_word' id='word_1_146' title='bbox 896 2026 1019 2059; x_wconf 82' lang='lat' dir='ltr'>voce</span> <span class='ocrx_word' id='word_1_147' title='bbox 1041 2011 1254 2058; x_wconf 86' lang='lat' dir='ltr'>deorum</span> 
     </span>
    </p>

    <p class='ocr_par' dir='ltr' id='par_1_9' title="bbox 143 2096 1597 2338">
     <span class='ocr_line' id='line_1_23' title="bbox 143 2096 1597 2165; baseline 0.003 -20"><span class='ocrx_word' id='word_1_148' title='bbox 143 2098 259 2165; x_wconf 83' lang='lat' dir='ltr'>(nec</span> <span class='ocrx_word' id='word_1_149' title='bbox 284 2115 435 2161; x_wconf 88' lang='lat' dir='ltr'>sopor</span> <span class='ocrx_word' id='word_1_150' title='bbox 459 2099 593 2146; x_wconf 84' lang='lat' dir='ltr'>illud</span> <span class='ocrx_word' id='word_1_151' title='bbox 619 2103 744 2159; x_wconf 88' lang='lat' dir='ltr'>erat,</span> <span class='ocrx_word' id='word_1_152' title='bbox 770 2098 861 2147; x_wconf 92' lang='lat' dir='ltr'>sed</span> <span class='ocrx_word' id='word_1_153' title='bbox 886 2113 1058 2146; x_wconf 88' lang='lat' dir='ltr'>coram</span> <span class='ocrx_word' id='word_1_154' title='bbox 1083 2098 1395 2160; x_wconf 79' lang='lat' dir='ltr'>adgnoscere</span> <span class='ocrx_word' id='word_1_155' title='bbox 1419 2096 1597 2149; x_wconf 77' lang='lat' dir='ltr'>voltus</span> 
     </span>
     <span class='ocr_line' id='line_1_24' title="bbox 144 2184 1451 2248; baseline 0 -15"><span class='ocrx_word' id='word_1_156' title='bbox 144 2186 445 2248; x_wconf 84' lang='lat' dir='ltr'>velatasque</span> <span class='ocrx_word' id='word_1_157' title='bbox 471 2201 641 2233; x_wconf 85' lang='lat' dir='ltr'>comas</span> <span class='ocrx_word' id='word_1_158' title='bbox 667 2184 1063 2248; x_wconf 83' lang='lat' dir='ltr'>praesentiaque</span> <span class='ocrx_word' id='word_1_159' title='bbox 1089 2201 1178 2233; x_wconf 92' lang='lat' dir='ltr'>ora</span> <span class='ocrx_word' id='word_1_160' title='bbox 1203 2184 1451 2248; x_wconf 78' lang='lat' dir='ltr'>videbar3</span> 
     </span>
     <span class='ocr_line' id='line_1_25' title="bbox 144 2272 1328 2338; baseline -0.001 -18"><span class='ocrx_word' id='word_1_161' title='bbox 144 2277 255 2320; x_wconf 88' lang='lat' dir='ltr'>tum</span> <span class='ocrx_word' id='word_1_162' title='bbox 283 2272 484 2335; x_wconf 86' lang='lat' dir='ltr'>gelidus</span> <span class='ocrx_word' id='word_1_163' title='bbox 508 2276 622 2320; x_wconf 90' lang='lat' dir='ltr'>toto</span> <span class='ocrx_word' id='word_1_164' title='bbox 645 2272 889 2320; x_wconf 84' lang='lat' dir='ltr'>manabat</span> <span class='ocrx_word' id='word_1_165' title='bbox 914 2287 1124 2334; x_wconf 86' lang='lat' dir='ltr'>corpore</span> <span class='ocrx_word' id='word_1_166' title='bbox 1151 2272 1328 2338; x_wconf 84' lang='lat' dir='ltr'>sudor)</span> 
     </span>
    </p>

    <p class='ocr_par' dir='ltr' id='par_1_10' title="bbox 144 2358 1359 2423">
     <span class='ocr_line' id='line_1_26' title="bbox 144 2358 1359 2423; baseline 0.001 -16"><span class='ocrx_word' id='word_1_167' title='bbox 144 2358 370 2423; x_wconf 84' lang='lat' dir='ltr'>corripio</span> <span class='ocrx_word' id='word_1_168' title='bbox 396 2375 423 2407; x_wconf 91' lang='lat' dir='ltr'>e</span> <span class='ocrx_word' id='word_1_169' title='bbox 448 2360 628 2408; x_wconf 86' lang='lat' dir='ltr'>stratis</span> <span class='ocrx_word' id='word_1_170' title='bbox 654 2375 838 2422; x_wconf 87' lang='lat' dir='ltr'>corpus</span> <span class='ocrx_word' id='word_1_171' title='bbox 856 2359 1114 2422; x_wconf 85' lang='lat' dir='ltr'>tendoque</span> <span class='ocrx_word' id='word_1_172' title='bbox 1142 2359 1359 2422; x_wconf 84' lang='lat' dir='ltr'>supinas</span> 
     </span>
    </p>

    <p class='ocr_par' dir='ltr' id='par_1_11' title="bbox 143 2445 1588 2771">
     <span class='ocr_line' id='line_1_27' title="bbox 143 2445 1374 2496; baseline 0.002 -2"><span class='ocrx_word' id='word_1_173' title='bbox 143 2447 208 2494; x_wconf 91' lang='lat' dir='ltr'>ad</span> <span class='ocrx_word' id='word_1_174' title='bbox 232 2446 429 2495; x_wconf 88' lang='lat' dir='ltr'>caelum</span> <span class='ocrx_word' id='word_1_175' title='bbox 451 2462 567 2494; x_wconf 90' lang='lat' dir='ltr'>cum</span> <span class='ocrx_word' id='word_1_176' title='bbox 594 2462 716 2494; x_wconf 88' lang='lat' dir='ltr'>voce</span> <span class='ocrx_word' id='word_1_177' title='bbox 741 2462 924 2494; x_wconf 90' lang='lat' dir='ltr'>manus</span> <span class='ocrx_word' id='word_1_178' title='bbox 951 2450 1003 2494; x_wconf 87' lang='lat' dir='ltr'>et</span> <span class='ocrx_word' id='word_1_179' title='bbox 1028 2462 1242 2494; x_wconf 90' lang='lat' dir='ltr'>munera</span> <span class='ocrx_word' id='word_1_180' title='bbox 1265 2445 1374 2496; x_wconf 87' lang='lat' dir='ltr'>libo</span> 
     </span>
     <span class='ocr_line' id='line_1_28' title="bbox 143 2532 1348 2581; baseline 0 -1"><span class='ocrx_word' id='word_1_181' title='bbox 143 2533 453 2581; x_wconf 87' lang='lat' dir='ltr'>intemerata</span> <span class='ocrx_word' id='word_1_182' title='bbox 476 2533 623 2581; x_wconf 83' lang='lat' dir='ltr'>focis.</span> <span class='ocrx_word' id='word_1_183' title='bbox 695 2533 937 2580; x_wconf 83' lang='lat' dir='ltr'>Perfecto</span> <span class='ocrx_word' id='word_1_184' title='bbox 961 2532 1128 2581; x_wconf 89' lang='lat' dir='ltr'>laetus</span> <span class='ocrx_word' id='word_1_185' title='bbox 1155 2533 1348 2580; x_wconf 88' lang='lat' dir='ltr'>honore</span> 
     </span>
     <span class='ocr_line' id='line_1_29' title="bbox 143 2616 1433 2703; baseline 0.001 -37"><span class='ocrx_word' id='word_1_186' title='bbox 143 2619 411 2667; x_wconf 90' lang='lat' dir='ltr'>Anchisen</span> <span class='ocrx_word' id='word_1_187' title='bbox 425 2619 562 2667; x_wconf 83' lang='lat' dir='ltr'>facio</span> <span class='ocrx_word' id='word_1_188' title='bbox 585 2624 785 2667; x_wconf 88' lang='lat' dir='ltr'>certum</span> <span class='ocrx_word' id='word_1_189' title='bbox 809 2634 1020 2682; x_wconf 85' lang='lat' dir='ltr'>remque</span> <span class='ocrx_word' id='word_1_190' title='bbox 1045 2619 1224 2667; x_wconf 88' lang='lat' dir='ltr'>ordine</span> <span class='ocrx_word' id='word_1_191' title='bbox 1249 2616 1433 2703; x_wconf 47' lang='lat' dir='ltr'>pbndo.</span> 
     </span>
     <span class='ocr_line' id='line_1_30' title="bbox 144 2705 1588 2771; baseline 0.001 -17"><span class='ocrx_word' id='word_1_192' title='bbox 144 2705 413 2767; x_wconf 83' lang='lat' dir='ltr'>Adgnovit</span> <span class='ocrx_word' id='word_1_193' title='bbox 437 2706 636 2770; x_wconf 84' lang='lat' dir='ltr'>prolem</span> <span class='ocrx_word' id='word_1_194' title='bbox 659 2705 952 2768; x_wconf 87' lang='lat' dir='ltr'>ambiguam</span> <span class='ocrx_word' id='word_1_195' title='bbox 978 2705 1307 2771; x_wconf 87' lang='lat' dir='ltr'>geminosque</span> <span class='ocrx_word' id='word_1_196' title='bbox 1333 2711 1588 2771; x_wconf 84' lang='lat' dir='ltr'>parentes,</span> 
     </span>
    </p>
   </div>
   <div class='ocr_carea' id='block_1_3' title="bbox 768 2848 799 2866">
    <p class='ocr_par' dir='ltr' id='par_1_12' title="bbox 768 2848 799 2866">
     <span class='ocr_line' id='line_1_31' title="bbox 768 2848 799 2866; baseline 0 -3"><span class='ocrx_word' id='word_1_197' title='bbox 768 2848 799 2866; x_wconf 53' lang='grc' dir='ltr'><em>Ν</em></span> 
     </span>
    </p>
   </div>
   <div class='ocr_carea' id='block_1_4' title="bbox 1821 115 1882 170">
    <p class='ocr_par' dir='ltr' id='par_1_13' title="bbox 1821 115 1882 170">
     <span class='ocr_line' id='line_1_32' title="bbox 1821 115 1882 170; baseline 0.016 -1"><span class='ocrx_word' id='word_1_198' title='bbox 1821 115 1882 170; x_wconf 77' lang='grc'>67</span> 
     </span>
    </p>
   </div>
   <div class='ocr_carea' id='block_1_5' title="bbox 1823 973 1896 1013">
    <p class='ocr_par' dir='ltr' id='par_1_14' title="bbox 1823 973 1896 1013">
     <span class='ocr_line' id='line_1_33' title="bbox 1823 973 1896 1013; baseline -0.014 0"><span class='ocrx_word' id='word_1_199' title='bbox 1823 973 1896 1013; x_wconf 89' lang='grc'>160</span> 
     </span>
    </p>
   </div>
   <div class='ocr_carea' id='block_1_6' title="bbox 1826 1409 1898 1448">
    <p class='ocr_par' dir='ltr' id='par_1_15' title="bbox 1826 1409 1898 1448">
     <span class='ocr_line' id='line_1_34' title="bbox 1826 1409 1898 1448; baseline -0.014 0"><span class='ocrx_word' id='word_1_200' title='bbox 1826 1409 1898 1448; x_wconf 87' lang='grc'>165</span> 
     </span>
    </p>
   </div>
   <div class='ocr_carea' id='block_1_7' title="bbox 1824 1847 1898 1887">
    <p class='ocr_par' dir='ltr' id='par_1_16' title="bbox 1824 1847 1898 1887">
     <span class='ocr_line' id='line_1_35' title="bbox 1824 1847 1898 1887; baseline -0.014 0"><span class='ocrx_word' id='word_1_201' title='bbox 1824 1847 1898 1887; x_wconf 81' lang='grc'>170</span> 
     </span>
    </p>
   </div>
   <div class='ocr_carea' id='block_1_8' title="bbox 1824 2279 1897 2322">
    <p class='ocr_par' dir='ltr' id='par_1_17' title="bbox 1824 2279 1897 2322">
     <span class='ocr_line' id='line_1_36' title="bbox 1824 2279 1897 2322; baseline -0.014 0"><span class='ocrx_word' id='word_1_202' title='bbox 1824 2279 1897 2322; x_wconf 74' lang='lat'>1⁷5</span> 
     </span>
    </p>
   </div>
   <div class='ocr_carea' id='block_1_9' title="bbox 1824 2715 1892 2753">
    <p class='ocr_par' dir='ltr' id='par_1_18' title="bbox 1824 2715 1892 2753">
     <span class='ocr_line' id='line_1_37' title="bbox 1824 2715 1892 2753; baseline 0 0"><span class='ocrx_word' id='word_1_203' title='bbox 1824 2715 1892 2753; x_wconf 87' lang='grc'>180</span> 
     </span>
    </p>
   </div>
  </div>
 </body>
</html>
