2148 3204
0 2935 59 3204 &fissas->Tuum
21 2854 24 2859 <
18 2831 19 2834 „

711 136 1019 175 AENEIDOS
1058 136 1177 173 LIB.
1224 135 1283 173 V.

131 277 271 343 Ipsis
295 276 597 342 praecipuos
624 275 924 323 ductoribus
951 273 1097 323 addit
1121 274 1340 322 honores
1362 293 1374 325 :

128 364 316 413 victori
341 364 663 426 chlamydem
691 367 938 422 auratam,
961 377 1115 423 quam
1141 361 1366 424 plurima
1389 360 1583 407 circum

129 468 357 516 purpura
382 451 664 498 Maeandro
691 449 886 512 duplici
912 449 1169 497 Meliboea
1197 448 1438 509 cucurrit,

130 539 465 601 intextusque
491 554 616 601 puer
640 538 885 586 frondosa
913 537 1085 598 regius
1111 537 1208 584 Ida

127 626 320 675 velocis
346 626 512 674 iaculo
538 641 714 674 cervos
740 641 994 688 cursuque
1017 625 1222 686 fatigat,

128 731 256 776 acer,
288 713 558 762 anhelanti
577 712 764 762 similis
786 732 796 775 3
837 729 989 775 quem
1016 728 1229 775 praepes
1255 711 1319 759 ab
1343 710 1441 758 Ida

129 801 402 851 sublimem
426 801 645 864 pedibus
670 801 846 864 rapuit
871 801 1011 848 Iovis
1038 799 1260 860 armiger
1283 798 1460 859 uncis3

129 890 367 953 longaevi
393 889 590 953 palmas
615 888 931 952 nequiquam
956 889 1020 935 ad
1046 887 1216 935 sidera
1238 887 1463 934 tendunt

127 980 381 1040 custodes,
409 978 677 1041 saevitque
703 994 883 1025 canum
911 976 1133 1024 latratus
1158 974 1212 1021 in
1238 989 1401 1021 auras.

127 1069 201 1116 At
228 1067 317 1130 qui
342 1066 527 1114 deinde
552 1066 720 1113 locum
746 1064 918 1112 tenuit
941 1063 1136 1111 virtute
1163 1061 1458 1120 secundum,

129 1155 330 1203 levibus
355 1155 477 1202 huic
501 1154 671 1202 hamis
698 1157 985 1201 consertam
1011 1165 1237 1211 auroque
1262 1147 1485 1196 trilicem

129 1242 359 1304 loricam,
387 1240 816 1306 quamDemoleo
841 1240 1136 1287 detraxerat
1165 1236 1277 1299 ipse

130 1331 295 1379 vietor
318 1331 458 1394 apud
481 1329 722 1392 rapidum
751 1327 1015 1376 Simoenta
1045 1325 1138 1374 sub
1163 1322 1296 1371 Ilio1
1321 1323 1442 1384 alto,

131 1419 287 1467 donat
311 1418 500 1466 habere
526 1417 651 1477 viro,
679 1416 833 1463 decus
860 1419 911 1461 et
935 1418 1171 1460 tutamen
1196 1411 1250 1458 in
1276 1411 1446 1458 armis.

129 1507 234 1555 Vix
257 1506 403 1554 illam
428 1504 616 1553 famuli
640 1503 878 1564 Phegeus
906 1501 1213 1562 Sagarisque
1238 1498 1476 1545 ferebant

129 1593 487 1656 multiplicem,
514 1590 686 1639 conixi
710 1589 927 1650 umeris3
965 1588 1180 1634 indutus
1206 1592 1259 1633 at
1285 1584 1408 1632 olim

130 1681 404 1729 Demoleos
431 1695 585 1727 cursu
608 1677 836 1741 palantis
865 1678 1024 1723 Troas
1051 1675 1246 1735 agebat.

132 1767 309 1815 Tertia
333 1768 467 1815 dona
491 1765 619 1814 facit
645 1765 876 1826 geminos
902 1779 964 1810 ex
992 1778 1105 1810 aere
1130 1761 1326 1809 lebetas

131 1855 436 1919 cymbiaque
463 1858 675 1914 argento
699 1852 934 1914 perfecta
957 1855 1111 1912 atque
1135 1864 1317 1910 aspera
1342 1846 1520 1908 signis.

135 2020 364 2072 Seryescus
384 2025 454 2060 too
479 2022 516 2059 is
535 2018 768 2060 rewarded.

198 2117 414 2178 Iamque
440 2114 566 2163 adeo
592 2112 770 2161 donati
795 2128 969 2160 omnes
997 2110 1282 2174 opibusque
1308 2105 1516 2170 superbi

134 2202 368 2267 puniceis
393 2204 539 2251 ibant
565 2200 756 2249 evincti
782 2206 1016 2261 tempora
1040 2197 1223 2257 taonis,

134 2307 253 2339 cum
278 2306 430 2339 saevo
455 2305 482 2337 e
508 2288 719 2351 scopulo
744 2287 911 2334 multa
935 2285 1025 2332 vix
1052 2289 1161 2332 arte
1186 2282 1434 2343 revolsus,

135 2377 341 2426 amissis
367 2376 521 2424 remis
548 2381 704 2438 atque
729 2374 906 2422 ordine
932 2371 1119 2420 debilis
1144 2387 1264 2432 uno,

136 2464 350 2513 inrisam
378 2464 489 2512 sine
512 2463 705 2510 honore
729 2467 891 2509 ratem
920 2460 1190 2520 Sergestus
1215 2457 1414 2519 agebat.

136 2552 316 2610 Qualis
342 2567 494 2613 saepe
518 2550 632 2598 viae
659 2550 939 2611 deprensus
967 2546 1019 2593 in
1047 2561 1227 2606 aggere
1255 2560 1480 2606 serpens,

137 2654 286 2688 aerea
310 2654 462 2701 quem
489 2637 750 2699 obliquum
780 2640 892 2682 rota
916 2633 1128 2681 transiit
1159 2637 1248 2679 aut
1279 2630 1449 2691 gravis
1474 2630 1584 2679 ictu

139 2725 444 2774 seminecem
468 2722 626 2787 liquit
651 2738 776 2771 saxo
799 2721 1128 2782 lacerumque
1151 2719 1319 2766 viator
1339 2736 1350 2779 3

713 2831 749 2868 1.
783 2829 869 2867 Ιῖἰό
888 2828 972 2866 alto
987 2839 1000 2866 .·
1027 2826 1307 2866 semi-hiatus.

1770 120 1870 171 125

1802 806 1873 844 255

1803 1244 1875 1280 260

1800 1682 1870 1717 265

1790 2723 1880 2783 x275
