2148 3204
242 117 311 169 56
781 131 834 169 P.
883 132 1140 169 VERGILI
1176 132 1457 170 MARoms

240 269 375 317 hanc
398 269 624 332 primum
649 274 820 317 tutare
846 270 1072 319 domum.
1143 270 1238 319 Cui
1262 287 1453 334 parvus
1478 270 1642 334 Iulus,

239 357 323 404 cui
347 362 494 419 pater
519 362 570 404 et
595 357 819 404 coniunx
845 358 1102 420 quondam
1129 362 1223 406 tua
1247 359 1387 407 dicta
1415 359 1679 422 relinquor
1697 360 1724 408 ’.Ρ
1742 357 1759 385 '

247 516 336 557 The
357 518 456 568 siyn
468 517 591 568 from
614 517 793 557 heaven.

307 611 455 660 Talia
479 612 773 660 vociferans
799 612 996 674 gemitu
1019 617 1215 660 tectum
1240 629 1391 661 omne
1416 613 1664 676 replebat,

238 714 354 746 cum
382 699 608 746 subitum
635 699 881 762 dictuque
907 700 1072 747 oritur
1096 700 1334 748 mirabile
1359 706 1661 749 monstrum.
1919 711 1992 748 680

236 786 477 848 Namque
503 803 685 834 manus
707 786 843 834 inter
869 792 1286 850 maestorumque
1312 804 1401 835 ora
1425 792 1700 851 parentum

238 889 351 921 0000
377 873 506 921 levis
534 890 732 921 summo
753 875 816 922 de
836 875 1031 922 vertice
1056 875 1200 923 visus
1228 875 1335 923 Iuli

237 961 456 1008 fundere
481 961 657 1008 lumen
684 977 817 1024 apex
842 967 1088 1025 tactuque
1114 962 1329 1011 innoxia
1349 963 1521 1012 mollis

236 1048 461 1096 lambere
488 1045 695 1097 flamma
715 1065 885 1098 comas
914 1054 963 1097 et
990 1050 1183 1098 circum
1207 1055 1444 1114 tempora
1466 1051 1623 1115 pasci.

236 1136 286 1183 N
291 1152 345 1183 os
371 1136 549 1198 pavidi
578 1137 838 1199 trepidare
865 1142 1008 1184 metu
1032 1137 1330 1201 crinemque
1355 1138 1661 1206 fiagrantem
1915 1150 1992 1187 685
2019 1163 2026 1170 ·

237 1228 476 1270 excutere
503 1229 554 1271 et
577 1230 780 1272 sanctos
807 1225 1130 1286 restinguere
1154 1226 1392 1274 fontibus
1412 1225 1563 1287 ignis.

235 1312 308 1358 At
328 1316 475 1373 pater
499 1311 757 1360 Anchises
784 1312 958 1360 oculos
985 1313 1049 1360 ad
1076 1313 1247 1361 sidera
1269 1312 1437 1362 laetus

236 1398 427 1446 extulit
453 1403 504 1446 et
530 1400 670 1447 caelo
695 1400 896 1462 palmas
922 1416 1039 1447 cum
1064 1416 1188 1448 voce
1212 1401 1467 1450 tetendit:

238 1486 505 1548 ‘Iuppiter
531 1487 873 1549 omnipotens,
902 1487 1142 1549 precibus
1170 1487 1215 1535 si
1239 1488 1463 1537 flecteris
1489 1487 1628 1550 ullis,

236 1572 408 1634 aspice
433 1589 542 1634 nos,
569 1573 666 1621 1100
691 1579 913 1634 tantum,
942 1579 1007 1634 et,
1037 1574 1079 1622 si
1106 1575 1303 1637 pietate
1330 1591 1619 1637 meremur,⁴
1914 1587 1990 1624 690

236 1660 298 1706 da
321 1659 506 1708 deinde
533 1661 821 1722 augurium,
848 1666 1013 1724 pater,
1041 1667 1197 1724 atque
1221 1662 1350 1710 haec
1375 1662 1547 1709 omina
1570 1662 1753 1711 firma!

236 1830 453 1870 Anchises
473 1833 724 1882 recoqnizes
746 1833 816 1872 the
837 1833 983 1872 divine
1006 1834 1106 1873 call.
1179 1834 1293 1884 They
1317 1835 1436 1874 leave
1458 1834 1526 1873 the
1548 1834 1696 1873 house.

303 1925 406 1973 Vix
433 1941 492 1973 ea
516 1926 659 1974 fatus
686 1933 796 1974 erat
821 1927 1006 1988 senior,
1034 1927 1308 1990 subitoque
1333 1928 1538 1989 fragore

236 2011 466 2060 intonuit
491 2012 711 2074 laevum,
739 2018 791 2061 et
816 2015 878 2061 de
903 2014 1046 2062 00010
1070 2015 1219 2077 lapsa
1243 2030 1335 2077 per
1359 2015 1568 2063 umbras

237 2098 390 2147 stella
410 2099 575 2146 facem
604 2099 796 2148 ducens
819 2100 986 2147 multa
1012 2116 1126 2148 cum
1147 2100 1261 2148 luce
1286 2100 1528 2148 cucurrit.

236 2185 404 2246 Illam,
433 2202 633 2234 summa
657 2203 811 2249 super
835 2186 1095 2235 labentem
1122 2187 1350 2235 0011111110
1372 2187 1514 2249 1300131,
1914 2197 1989 2234 695

235 2272 492 2320 cernimus
520 2273 678 2321 Idaea
701 2274 892 2321 claram
921 2290 974 2322 se
995 2275 1213 2322 condere
1241 2274 1376 2322 silva

237 2360 631 2423 signantemque
656 2362 796 2423 vias3
836 2368 946 2410 tum
973 2362 1127 2424 longo
1151 2362 1319 2410 limite
1345 2361 1518 2412 sulcus

236 2448 325 2495 dat
349 2447 531 2508 Lucem,
559 2453 611 2495 et
636 2449 740 2496 late
768 2449 961 2496 circum
982 2449 1097 2497 loca
1117 2449 1329 2512 sulpure
1354 2450 1580 2498 fumant.

237 2534 338 2581 Hic
367 2550 485 2581 vero
512 2535 680 2583 victus
708 2536 908 2596 genitor
933 2552 984 2583 se
1011 2536 1152 2584 13011113
1178 2537 1242 2584 0(1
1269 2553 1419 2585 auras

236 2621 547 2682 adfaturque
574 2622 694 2669 deos
722 2628 773 2669 et
799 2629 1034 2670 sanctum
1063 2624 1205 2671 sidus
1227 2624 1422 2671 adorat.
1915 2634 1987 2671 700

237 2712 249 2735 ί
270 2707 378 2754 Iam
409 2708 509 2754 iam
537 2708 683 2755 nulla
708 2725 850 2755 mora
876 2714 954 2756 est
976 2728 986 2770 3
1027 2726 1212 2771 sequor
1237 2716 1302 2770 et,
1331 2726 1433 2772 qua
1458 2710 1666 2771 ducitis,
1694 2711 1889 2758 adsum.

236 2794 304 2840 Di
330 2793 502 2856 patrii,
531 2799 731 2842 servate
758 2795 979 2856 domum,
1008 2801 1209 2844 servate
1234 2802 1488 2860 nepotem.
