<?xml version="1.0" encoding="UTF-8"?>
<!DOCTYPE html PUBLIC "-//W3C//DTD XHTML 1.0 Transitional//EN"
    "http://www.w3.org/TR/xhtml1/DTD/xhtml1-transitional.dtd">
<html xmlns="http://www.w3.org/1999/xhtml" xml:lang="en" lang="en">
 <head>
  <title>
</title>
<meta http-equiv="Content-Type" content="text/html;charset=utf-8" />
  <meta name='ocr-system' content='tesseract 3.04.00' />
  <meta name='ocr-capabilities' content='ocr_page ocr_carea ocr_par ocr_line ocrx_word'/>
</head>
<body>
  <div class='ocr_page' id='page_1' title='image "./virgilsaeneidboo00virgrich_0241.png"; bbox 0 0 2148 3204; ppageno 0'>
   <div class='ocr_carea' id='block_1_1' title="bbox 732 144 1305 185">
    <p class='ocr_par' dir='ltr' id='par_1_1' title="bbox 732 144 1305 185">
     <span class='ocr_line' id='line_1_1' title="bbox 732 144 1305 185; baseline 0.003 -2"><span class='ocrx_word' id='word_1_1' title='bbox 732 144 1038 183; x_wconf 87' lang='lat' dir='ltr'>AENEIDOS</span> <span class='ocrx_word' id='word_1_2' title='bbox 1078 145 1198 183; x_wconf 84' lang='lat' dir='ltr'><strong>LIB.</strong></span> <span class='ocrx_word' id='word_1_3' title='bbox 1242 144 1305 185; x_wconf 81' lang='lat' dir='ltr'>V·</span> 
     </span>
    </p>
   </div>
   <div class='ocr_carea' id='block_1_2' title="bbox 137 281 1589 2877">
    <p class='ocr_par' dir='ltr' id='par_1_2' title="bbox 145 281 1464 520">
     <span class='ocr_line' id='line_1_2' title="bbox 147 281 1464 346; baseline 0.001 -15"><span class='ocrx_word' id='word_1_4' title='bbox 147 281 363 346; x_wconf 88' lang='lat' dir='ltr'>Iamque</span> <span class='ocrx_word' id='word_1_5' title='bbox 386 282 496 331; x_wconf 82' lang='lat' dir='ltr'>fere</span> <span class='ocrx_word' id='word_1_6' title='bbox 521 282 746 331; x_wconf 88' lang='lat' dir='ltr'>mediam</span> <span class='ocrx_word' id='word_1_7' title='bbox 771 282 900 331; x_wconf 91' lang='lat' dir='ltr'>caeli</span> <span class='ocrx_word' id='word_1_8' title='bbox 924 283 1046 331; x_wconf 80' lang='lat' dir='ltr'>Nox</span> <span class='ocrx_word' id='word_1_9' title='bbox 1070 282 1250 331; x_wconf 85' lang='lat' dir='ltr'>umida</span> <span class='ocrx_word' id='word_1_10' title='bbox 1272 288 1464 332; x_wconf 90' lang='lat' dir='ltr'>metam</span> 
     </span>
     <span class='ocr_line' id='line_1_3' title="bbox 145 369 1446 438; baseline 0.001 -21"><span class='ocrx_word' id='word_1_11' title='bbox 145 369 432 431; x_wconf 87' lang='lat' dir='ltr'>contigerat</span> <span class='ocrx_word' id='word_1_12' title='bbox 465 369 696 433; x_wconf 86' lang='lat' dir='ltr'>(placida</span> <span class='ocrx_word' id='word_1_13' title='bbox 720 370 966 418; x_wconf 81' lang='lat' dir='ltr'>laxabant</span> <span class='ocrx_word' id='word_1_14' title='bbox 991 371 1218 418; x_wconf 87' lang='lat' dir='ltr'>membra</span> <span class='ocrx_word' id='word_1_15' title='bbox 1252 371 1446 438; x_wconf 56' lang='lat' dir='ltr'>quiete⁴</span> 
     </span>
     <span class='ocr_line' id='line_1_4' title="bbox 147 455 1297 520; baseline 0.002 -17"><span class='ocrx_word' id='word_1_16' title='bbox 147 456 242 504; x_wconf 88' lang='lat' dir='ltr'>sub</span> <span class='ocrx_word' id='word_1_17' title='bbox 266 456 423 504; x_wconf 90' lang='lat' dir='ltr'>remis</span> <span class='ocrx_word' id='word_1_18' title='bbox 450 455 557 504; x_wconf 81' lang='lat' dir='ltr'>fusi</span> <span class='ocrx_word' id='word_1_19' title='bbox 581 473 673 520; x_wconf 89' lang='lat' dir='ltr'>per</span> <span class='ocrx_word' id='word_1_20' title='bbox 697 457 826 505; x_wconf 83' lang='lat' dir='ltr'>dura</span> <span class='ocrx_word' id='word_1_21' title='bbox 852 456 1038 505; x_wconf 86' lang='lat' dir='ltr'>sedilia</span> <span class='ocrx_word' id='word_1_22' title='bbox 1061 459 1297 519; x_wconf 85' lang='lat' dir='ltr'>nautae),</span> 
     </span>
    </p>

    <p class='ocr_par' dir='ltr' id='par_1_3' title="bbox 144 542 1477 694">
     <span class='ocr_line' id='line_1_5' title="bbox 145 542 1477 607; baseline 0.002 -16"><span class='ocrx_word' id='word_1_23' title='bbox 145 558 260 591; x_wconf 90' lang='lat' dir='ltr'>cum</span> <span class='ocrx_word' id='word_1_24' title='bbox 285 542 416 592; x_wconf 88' lang='lat' dir='ltr'>levis</span> <span class='ocrx_word' id='word_1_25' title='bbox 441 543 686 592; x_wconf 77' lang='lat' dir='ltr'>aetheriis</span> <span class='ocrx_word' id='word_1_26' title='bbox 713 544 957 607; x_wconf 87' lang='lat' dir='ltr'>delapsus</span> <span class='ocrx_word' id='word_1_27' title='bbox 985 544 1205 592; x_wconf 84' lang='lat' dir='ltr'>Somnus</span> <span class='ocrx_word' id='word_1_28' title='bbox 1231 545 1295 593; x_wconf 91' lang='lat' dir='ltr'>ab</span> <span class='ocrx_word' id='word_1_29' title='bbox 1321 543 1477 594; x_wconf 88' lang='lat' dir='ltr'>astris</span> 
     </span>
     <span class='ocr_line' id='line_1_6' title="bbox 144 630 1427 694; baseline 0.002 -17"><span class='ocrx_word' id='word_1_30' title='bbox 144 637 263 678; x_wconf 78' lang='lat' dir='ltr'>aera</span> <span class='ocrx_word' id='word_1_31' title='bbox 287 630 507 679; x_wconf 83' lang='lat' dir='ltr'>dimovit</span> <span class='ocrx_word' id='word_1_32' title='bbox 530 631 854 679; x_wconf 86' lang='lat' dir='ltr'>tenebrosum</span> <span class='ocrx_word' id='word_1_33' title='bbox 883 636 935 679; x_wconf 89' lang='lat' dir='ltr'>et</span> <span class='ocrx_word' id='word_1_34' title='bbox 960 631 1180 694; x_wconf 83' lang='lat' dir='ltr'>dispulit</span> <span class='ocrx_word' id='word_1_35' title='bbox 1204 632 1427 691; x_wconf 88' lang='lat' dir='ltr'>umbras,</span> 
     </span>
    </p>

    <p class='ocr_par' dir='ltr' id='par_1_4' title="bbox 142 717 1508 956">
     <span class='ocr_line' id='line_1_7' title="bbox 142 717 1508 782; baseline 0.003 -18"><span class='ocrx_word' id='word_1_36' title='bbox 142 721 209 778; x_wconf 94' lang='lat' dir='ltr'>te,</span> <span class='ocrx_word' id='word_1_37' title='bbox 236 717 498 779; x_wconf 82' lang='lat' dir='ltr'><strong>Palinure,</strong></span> <span class='ocrx_word' id='word_1_38' title='bbox 525 723 722 782; x_wconf 91' lang='lat' dir='ltr'>petens,</span> <span class='ocrx_word' id='word_1_39' title='bbox 750 717 847 766; x_wconf 91' lang='lat' dir='ltr'>tibi</span> <span class='ocrx_word' id='word_1_40' title='bbox 874 719 1074 766; x_wconf 87' lang='lat' dir='ltr'>somnia</span> <span class='ocrx_word' id='word_1_41' title='bbox 1097 718 1272 767; x_wconf 86' lang='lat' dir='ltr'>tristia</span> <span class='ocrx_word' id='word_1_42' title='bbox 1295 725 1508 782; x_wconf 87' lang='lat' dir='ltr'>portans</span> 
     </span>
     <span class='ocr_line' id='line_1_8' title="bbox 143 803 1283 868; baseline 0.002 -17"><span class='ocrx_word' id='word_1_43' title='bbox 143 803 354 865; x_wconf 79' lang='lat' dir='ltr'>insonti,</span> <span class='ocrx_word' id='word_1_44' title='bbox 381 805 646 868; x_wconf 83' lang='lat' dir='ltr'>puppique</span> <span class='ocrx_word' id='word_1_45' title='bbox 672 805 797 853; x_wconf 89' lang='lat' dir='ltr'>deus</span> <span class='ocrx_word' id='word_1_46' title='bbox 824 805 1058 853; x_wconf 87' lang='lat' dir='ltr'>consedit</span> <span class='ocrx_word' id='word_1_47' title='bbox 1082 805 1137 852; x_wconf 93' lang='lat' dir='ltr'>in</span> <span class='ocrx_word' id='word_1_48' title='bbox 1163 805 1283 867; x_wconf 91' lang='lat' dir='ltr'>alta,</span> 
     </span>
     <span class='ocr_line' id='line_1_9' title="bbox 143 891 1483 956; baseline 0.004 -18"><span class='ocrx_word' id='word_1_49' title='bbox 143 891 431 940; x_wconf 72' lang='lat' dir='ltr'>Phorbanti</span> <span class='ocrx_word' id='word_1_50' title='bbox 458 892 659 953; x_wconf 88' lang='lat' dir='ltr'>similis,</span> <span class='ocrx_word' id='word_1_51' title='bbox 685 892 964 954; x_wconf 81' lang='lat' dir='ltr'>funditque</span> <span class='ocrx_word' id='word_1_52' title='bbox 991 892 1086 941; x_wconf 87' lang='lat' dir='ltr'>has</span> <span class='ocrx_word' id='word_1_53' title='bbox 1113 909 1196 941; x_wconf 86' lang='lat' dir='ltr'>ore</span> <span class='ocrx_word' id='word_1_54' title='bbox 1221 893 1483 956; x_wconf 85' lang='lat' dir='ltr'>loquelas:</span> 
     </span>
    </p>

    <p class='ocr_par' dir='ltr' id='par_1_5' title="bbox 142 978 1486 1130">
     <span class='ocr_line' id='line_1_10' title="bbox 144 978 1486 1043; baseline 0.001 -17"><span class='ocrx_word' id='word_1_55' title='bbox 144 981 157 1007; x_wconf 88' lang='lat'>‘</span> <span class='ocrx_word' id='word_1_56' title='bbox 176 978 350 1027; x_wconf 88' lang='lat' dir='ltr'>Iaside</span> <span class='ocrx_word' id='word_1_57' title='bbox 374 979 634 1041; x_wconf 80' lang='lat' dir='ltr'>Palinure,</span> <span class='ocrx_word' id='word_1_58' title='bbox 661 980 840 1027; x_wconf 83' lang='lat' dir='ltr'>ferunt</span> <span class='ocrx_word' id='word_1_59' title='bbox 865 980 979 1042; x_wconf 85' lang='lat' dir='ltr'>ipsa</span> <span class='ocrx_word' id='word_1_60' title='bbox 1003 996 1226 1043; x_wconf 88' lang='lat' dir='ltr'>aequora</span> <span class='ocrx_word' id='word_1_61' title='bbox 1251 980 1486 1042; x_wconf 88' lang='lat' dir='ltr'>classem,</span> 
     </span>
     <span class='ocr_line' id='line_1_11' title="bbox 142 1067 1342 1130; baseline 0.002 -17"><span class='ocrx_word' id='word_1_62' title='bbox 142 1072 391 1128; x_wconf 87' lang='lat' dir='ltr'>aequatae</span> <span class='ocrx_word' id='word_1_63' title='bbox 417 1067 617 1130; x_wconf 85' lang='lat' dir='ltr'>spirant</span> <span class='ocrx_word' id='word_1_64' title='bbox 641 1083 809 1128; x_wconf 88' lang='lat' dir='ltr'>aurae,</span> <span class='ocrx_word' id='word_1_65' title='bbox 837 1068 989 1115; x_wconf 84' lang='lat' dir='ltr'>datur</span> <span class='ocrx_word' id='word_1_66' title='bbox 1014 1067 1139 1115; x_wconf 90' lang='lat' dir='ltr'>hora</span> <span class='ocrx_word' id='word_1_67' title='bbox 1165 1067 1342 1130; x_wconf 86' lang='lat' dir='ltr'>quieti.</span> 
     </span>
    </p>

    <p class='ocr_par' dir='ltr' id='par_1_6' title="bbox 141 1151 1367 1217">
     <span class='ocr_line' id='line_1_12' title="bbox 141 1151 1367 1217; baseline 0.001 -16"><span class='ocrx_word' id='word_1_68' title='bbox 141 1151 283 1201; x_wconf 85' lang='lat' dir='ltr'>Pone</span> <span class='ocrx_word' id='word_1_69' title='bbox 307 1159 464 1217; x_wconf 91' lang='lat' dir='ltr'>caput</span> <span class='ocrx_word' id='word_1_70' title='bbox 489 1155 758 1217; x_wconf 83' lang='lat' dir='ltr'>fessosque</span> <span class='ocrx_word' id='word_1_71' title='bbox 784 1154 959 1202; x_wconf 88' lang='lat' dir='ltr'>oculos</span> <span class='ocrx_word' id='word_1_72' title='bbox 986 1155 1160 1202; x_wconf 79' lang='lat' dir='ltr'>furare</span> <span class='ocrx_word' id='word_1_73' title='bbox 1186 1154 1367 1203; x_wconf 88' lang='lat' dir='ltr'>labori.</span> 
     </span>
    </p>

    <p class='ocr_par' dir='ltr' id='par_1_7' title="bbox 140 1239 1549 1654">
     <span class='ocr_line' id='line_1_13' title="bbox 143 1239 1498 1305; baseline -0.001 -14"><span class='ocrx_word' id='word_1_74' title='bbox 143 1239 264 1304; x_wconf 87' lang='lat' dir='ltr'>Ipse</span> <span class='ocrx_word' id='word_1_75' title='bbox 290 1257 384 1303; x_wconf 88' lang='lat' dir='ltr'>ego</span> <span class='ocrx_word' id='word_1_76' title='bbox 408 1241 672 1305; x_wconf 82' lang='lat' dir='ltr'>paulisper</span> <span class='ocrx_word' id='word_1_77' title='bbox 697 1258 791 1304; x_wconf 91' lang='lat' dir='ltr'>pro</span> <span class='ocrx_word' id='word_1_78' title='bbox 815 1246 866 1289; x_wconf 92' lang='lat' dir='ltr'>te</span> <span class='ocrx_word' id='word_1_79' title='bbox 891 1246 982 1289; x_wconf 90' lang='lat' dir='ltr'>tua</span> <span class='ocrx_word' id='word_1_80' title='bbox 1006 1258 1220 1290; x_wconf 88' lang='lat' dir='ltr'>munera</span> <span class='ocrx_word' id='word_1_81' title='bbox 1243 1241 1419 1291; x_wconf 66' lang='lat' dir='ltr'>inibo?</span> <span class='ocrx_word' id='word_1_82' title='bbox 1494 1253 1498 1257; x_wconf 88' lang='grc'><strong>’</strong></span> 
     </span>
     <span class='ocr_line' id='line_1_14' title="bbox 141 1328 1349 1390; baseline -0.002 -10"><span class='ocrx_word' id='word_1_83' title='bbox 141 1331 239 1382; x_wconf 88' lang='lat' dir='ltr'>Cui</span> <span class='ocrx_word' id='word_1_84' title='bbox 263 1329 352 1377; x_wconf 81' lang='lat' dir='ltr'>vix</span> <span class='ocrx_word' id='word_1_85' title='bbox 378 1329 622 1377; x_wconf 91' lang='lat' dir='ltr'>attollens</span> <span class='ocrx_word' id='word_1_86' title='bbox 647 1328 926 1377; x_wconf 88' lang='lat' dir='ltr'>Palinurus</span> <span class='ocrx_word' id='word_1_87' title='bbox 953 1328 1151 1377; x_wconf 89' lang='lat' dir='ltr'>lumina</span> <span class='ocrx_word' id='word_1_88' title='bbox 1174 1329 1349 1390; x_wconf 81' lang='lat' dir='ltr'>fatur:</span> 
     </span>
     <span class='ocr_line' id='line_1_15' title="bbox 143 1415 1477 1480; baseline 0 -14"><span class='ocrx_word' id='word_1_89' title='bbox 143 1419 326 1466; x_wconf 84' lang='lat' dir='ltr'>‘Mene</span> <span class='ocrx_word' id='word_1_90' title='bbox 352 1416 476 1465; x_wconf 91' lang='lat' dir='ltr'>salis</span> <span class='ocrx_word' id='word_1_91' title='bbox 502 1416 695 1479; x_wconf 84' lang='lat' dir='ltr'>placidi</span> <span class='ocrx_word' id='word_1_92' title='bbox 720 1416 919 1464; x_wconf 84' lang='lat' dir='ltr'>voltum</span> <span class='ocrx_word' id='word_1_93' title='bbox 950 1415 1243 1479; x_wconf 88' lang='lat' dir='ltr'>fluctusque</span> <span class='ocrx_word' id='word_1_94' title='bbox 1273 1417 1477 1480; x_wconf 90' lang='lat' dir='ltr'>quietos</span> 
     </span>
     <span class='ocr_line' id='line_1_16' title="bbox 140 1503 1549 1568; baseline -0.002 -13"><span class='ocrx_word' id='word_1_95' title='bbox 140 1506 376 1568; x_wconf 86' lang='lat' dir='ltr'>ignorare</span> <span class='ocrx_word' id='word_1_96' title='bbox 401 1504 546 1552; x_wconf 90' lang='lat' dir='ltr'>iubes</span> <span class='ocrx_word' id='word_1_97' title='bbox 568 1505 593 1553; x_wconf 67' lang='grc' dir='ltr'>ἱ)</span> <span class='ocrx_word' id='word_1_98' title='bbox 665 1504 819 1551; x_wconf 86' lang='lat' dir='ltr'>Mene</span> <span class='ocrx_word' id='word_1_99' title='bbox 845 1504 964 1551; x_wconf 90' lang='lat' dir='ltr'>huic</span> <span class='ocrx_word' id='word_1_100' title='bbox 990 1503 1246 1551; x_wconf 88' lang='lat' dir='ltr'>confidere</span> <span class='ocrx_word' id='word_1_101' title='bbox 1272 1504 1549 1552; x_wconf 87' lang='lat' dir='ltr'>monstro?</span> 
     </span>
     <span class='ocr_line' id='line_1_17' title="bbox 140 1590 1381 1654; baseline -0.002 -13"><span class='ocrx_word' id='word_1_102' title='bbox 140 1593 354 1641; x_wconf 91' lang='lat' dir='ltr'>Aenean</span> <span class='ocrx_word' id='word_1_103' title='bbox 379 1592 586 1639; x_wconf 83' lang='lat' dir='ltr'>credam</span> <span class='ocrx_word' id='word_1_104' title='bbox 611 1591 736 1654; x_wconf 85' lang='lat' dir='ltr'>quid</span> <span class='ocrx_word' id='word_1_105' title='bbox 762 1590 899 1639; x_wconf 89' lang='lat' dir='ltr'>enim</span> <span class='ocrx_word' id='word_1_106' title='bbox 924 1591 1202 1639; x_wconf 83' lang='lat' dir='ltr'>fallacibus</span> <span class='ocrx_word' id='word_1_107' title='bbox 1227 1591 1381 1648; x_wconf 87' lang='lat' dir='ltr'>auris,</span> 
     </span>
    </p>

    <p class='ocr_par' dir='ltr' id='par_1_8' title="bbox 140 1679 1316 1742">
     <span class='ocr_line' id='line_1_18' title="bbox 140 1679 1316 1742; baseline -0.003 -14"><span class='ocrx_word' id='word_1_108' title='bbox 140 1685 192 1728; x_wconf 89' lang='lat' dir='ltr'>et</span> <span class='ocrx_word' id='word_1_109' title='bbox 217 1679 347 1728; x_wconf 88' lang='lat' dir='ltr'>caeli</span> <span class='ocrx_word' id='word_1_110' title='bbox 370 1679 563 1728; x_wconf 87' lang='lat' dir='ltr'>totiens</span> <span class='ocrx_word' id='word_1_111' title='bbox 589 1679 835 1742; x_wconf 87' lang='lat' dir='ltr'>deceptus</span> <span class='ocrx_word' id='word_1_112' title='bbox 862 1679 1044 1726; x_wconf 81' lang='lat' dir='ltr'>fraude</span> <span class='ocrx_word' id='word_1_113' title='bbox 1072 1679 1239 1726; x_wconf 88' lang='lat' dir='ltr'>sereni</span> <span class='ocrx_word' id='word_1_114' title='bbox 1262 1680 1286 1726; x_wconf 85' lang='lat'><strong>?</strong></span> <span class='ocrx_word' id='word_1_115' title='bbox 1303 1679 1316 1703; x_wconf 89' lang='lat'>&#39;</span> 
     </span>
    </p>

    <p class='ocr_par' dir='ltr' id='par_1_9' title="bbox 138 1765 1561 1990">
     <span class='ocr_line' id='line_1_19' title="bbox 141 1765 1510 1828; baseline -0.001 -13"><span class='ocrx_word' id='word_1_116' title='bbox 141 1767 290 1816; x_wconf 86' lang='lat' dir='ltr'>Talia</span> <span class='ocrx_word' id='word_1_117' title='bbox 313 1767 454 1815; x_wconf 87' lang='lat' dir='ltr'>dicta</span> <span class='ocrx_word' id='word_1_118' title='bbox 477 1766 635 1814; x_wconf 87' lang='lat' dir='ltr'>dabat</span> <span class='ocrx_word' id='word_1_119' title='bbox 659 1765 966 1828; x_wconf 86' lang='lat' dir='ltr'>clavumque</span> <span class='ocrx_word' id='word_1_120' title='bbox 991 1766 1193 1814; x_wconf 80' lang='lat' dir='ltr'>adfixus</span> <span class='ocrx_word' id='word_1_121' title='bbox 1218 1770 1270 1813; x_wconf 88' lang='lat' dir='ltr'>et</span> <span class='ocrx_word' id='word_1_122' title='bbox 1293 1765 1510 1814; x_wconf 86' lang='lat' dir='ltr'>haerens</span> 
     </span>
     <span class='ocr_line' id='line_1_20' title="bbox 139 1852 1561 1917; baseline -0.001 -14"><span class='ocrx_word' id='word_1_123' title='bbox 139 1870 394 1917; x_wconf 89' lang='lat' dir='ltr'>nusquam</span> <span class='ocrx_word' id='word_1_124' title='bbox 420 1852 724 1902; x_wconf 84' lang='lat' dir='ltr'>amittebat1</span> <span class='ocrx_word' id='word_1_125' title='bbox 748 1853 1024 1916; x_wconf 91' lang='lat' dir='ltr'>oculosque</span> <span class='ocrx_word' id='word_1_126' title='bbox 1051 1854 1146 1902; x_wconf 89' lang='lat' dir='ltr'>sub</span> <span class='ocrx_word' id='word_1_127' title='bbox 1172 1858 1311 1901; x_wconf 87' lang='lat' dir='ltr'>astra</span> <span class='ocrx_word' id='word_1_128' title='bbox 1335 1852 1561 1901; x_wconf 79' lang='lat' dir='ltr'>tenebat.</span> 
     </span>
     <span class='ocr_line' id='line_1_21' title="bbox 138 1940 1363 1990; baseline -0.002 0"><span class='ocrx_word' id='word_1_129' title='bbox 138 1941 272 1990; x_wconf 90' lang='lat' dir='ltr'>Ecce</span> <span class='ocrx_word' id='word_1_130' title='bbox 297 1941 424 1990; x_wconf 88' lang='lat' dir='ltr'>deus</span> <span class='ocrx_word' id='word_1_131' title='bbox 448 1957 649 1989; x_wconf 88' lang='lat' dir='ltr'>ramum</span> <span class='ocrx_word' id='word_1_132' title='bbox 675 1940 904 1988; x_wconf 87' lang='lat' dir='ltr'>Lethaeo</span> <span class='ocrx_word' id='word_1_133' title='bbox 930 1957 1042 1988; x_wconf 91' lang='lat' dir='ltr'>rore</span> <span class='ocrx_word' id='word_1_134' title='bbox 1068 1941 1363 1987; x_wconf 84' lang='lat' dir='ltr'>madentem</span> 
     </span>
    </p>

    <p class='ocr_par' dir='ltr' id='par_1_10' title="bbox 138 2027 1492 2267">
     <span class='ocr_line' id='line_1_22' title="bbox 139 2027 1492 2092; baseline -0.002 -15"><span class='ocrx_word' id='word_1_135' title='bbox 139 2028 296 2092; x_wconf 83' lang='lat' dir='ltr'>vique</span> <span class='ocrx_word' id='word_1_136' title='bbox 323 2033 619 2092; x_wconf 86' lang='lat' dir='ltr'>soporatum</span> <span class='ocrx_word' id='word_1_137' title='bbox 647 2027 830 2091; x_wconf 83' lang='lat' dir='ltr'>Stygia</span> <span class='ocrx_word' id='word_1_138' title='bbox 855 2043 1010 2090; x_wconf 86' lang='lat' dir='ltr'>super</span> <span class='ocrx_word' id='word_1_139' title='bbox 1035 2033 1252 2090; x_wconf 86' lang='lat' dir='ltr'>utraque</span> <span class='ocrx_word' id='word_1_140' title='bbox 1279 2030 1492 2089; x_wconf 90' lang='lat' dir='ltr'>quassat</span> 
     </span>
     <span class='ocr_line' id='line_1_23' title="bbox 138 2113 1445 2179; baseline -0.003 -14"><span class='ocrx_word' id='word_1_141' title='bbox 138 2120 375 2179; x_wconf 88' lang='lat' dir='ltr'>tempora</span> <span class='ocrx_word' id='word_1_142' title='bbox 398 2115 767 2178; x_wconf 76' lang='lat' dir='ltr'>cunctantique</span> <span class='ocrx_word' id='word_1_143' title='bbox 792 2114 1029 2163; x_wconf 90' lang='lat' dir='ltr'>natantia</span> <span class='ocrx_word' id='word_1_144' title='bbox 1051 2114 1251 2162; x_wconf 88' lang='lat' dir='ltr'>lumina</span> <span class='ocrx_word' id='word_1_145' title='bbox 1275 2113 1445 2162; x_wconf 89' lang='lat' dir='ltr'>solvit.</span> 
     </span>
     <span class='ocr_line' id='line_1_24' title="bbox 138 2202 1349 2267; baseline -0.002 -16"><span class='ocrx_word' id='word_1_146' title='bbox 138 2203 246 2252; x_wconf 78' lang='lat' dir='ltr'>Vix</span> <span class='ocrx_word' id='word_1_147' title='bbox 268 2203 464 2267; x_wconf 89' lang='lat' dir='ltr'>primos</span> <span class='ocrx_word' id='word_1_148' title='bbox 489 2202 702 2266; x_wconf 90' lang='lat' dir='ltr'>inopina</span> <span class='ocrx_word' id='word_1_149' title='bbox 727 2202 873 2265; x_wconf 85' lang='lat' dir='ltr'>quies</span> <span class='ocrx_word' id='word_1_150' title='bbox 899 2202 1166 2250; x_wconf 80' lang='lat' dir='ltr'>laxaverat</span> <span class='ocrx_word' id='word_1_151' title='bbox 1191 2207 1349 2262; x_wconf 89' lang='lat' dir='ltr'>artus,</span> 
     </span>
    </p>

    <p class='ocr_par' dir='ltr' id='par_1_11' title="bbox 137 2270 1589 2877">
     <span class='ocr_line' id='line_1_25' title="bbox 137 2270 1454 2354; baseline -0.003 -15"><span class='ocrx_word' id='word_1_152' title='bbox 137 2295 191 2339; x_wconf 88' lang='lat' dir='ltr'>et</span> <span class='ocrx_word' id='word_1_153' title='bbox 217 2307 373 2354; x_wconf 89' lang='lat' dir='ltr'>super</span> <span class='ocrx_word' id='word_1_154' title='bbox 394 2270 837 2339; x_wconf 52' lang='lat' dir='ltr'>incumbens‘cum</span> <span class='ocrx_word' id='word_1_155' title='bbox 862 2289 1054 2353; x_wconf 84' lang='lat' dir='ltr'>puppis</span> <span class='ocrx_word' id='word_1_156' title='bbox 1080 2295 1226 2353; x_wconf 89' lang='lat' dir='ltr'>parte</span> <span class='ocrx_word' id='word_1_157' title='bbox 1250 2288 1454 2336; x_wconf 87' lang='lat' dir='ltr'>revolsa</span> 
     </span>
     <span class='ocr_line' id='line_1_26' title="bbox 137 2376 1460 2441; baseline -0.003 -15"><span class='ocrx_word' id='word_1_158' title='bbox 137 2394 359 2441; x_wconf 91' lang='lat' dir='ltr'>cumque</span> <span class='ocrx_word' id='word_1_159' title='bbox 385 2377 695 2440; x_wconf 76' lang='lat' dir='ltr'>gubernaclo</span> <span class='ocrx_word' id='word_1_160' title='bbox 718 2377 946 2440; x_wconf 81' lang='lat' dir='ltr'>liquidas</span> <span class='ocrx_word' id='word_1_161' title='bbox 973 2376 1190 2440; x_wconf 91' lang='lat' dir='ltr'>proiecit</span> <span class='ocrx_word' id='word_1_162' title='bbox 1216 2376 1269 2423; x_wconf 91' lang='lat' dir='ltr'>in</span> <span class='ocrx_word' id='word_1_163' title='bbox 1294 2376 1460 2423; x_wconf 85' lang='lat' dir='ltr'>undas</span> 
     </span>
     <span class='ocr_line' id='line_1_27' title="bbox 137 2463 1589 2529; baseline -0.001 -17"><span class='ocrx_word' id='word_1_164' title='bbox 137 2465 477 2529; x_wconf 88' lang='lat' dir='ltr'>praecipitem</span> <span class='ocrx_word' id='word_1_165' title='bbox 501 2481 559 2513; x_wconf 89' lang='lat' dir='ltr'>ac</span> <span class='ocrx_word' id='word_1_166' title='bbox 585 2464 748 2513; x_wconf 88' lang='lat' dir='ltr'>socios</span> <span class='ocrx_word' id='word_1_167' title='bbox 773 2463 1086 2527; x_wconf 86' lang='lat' dir='ltr'>nequiquam</span> <span class='ocrx_word' id='word_1_168' title='bbox 1114 2479 1264 2527; x_wconf 87' lang='lat' dir='ltr'>saepe</span> <span class='ocrx_word' id='word_1_169' title='bbox 1291 2467 1558 2511; x_wconf 86' lang='lat' dir='ltr'>vocantem</span> <span class='ocrx_word' id='word_1_170' title='bbox 1573 2481 1589 2525; x_wconf 73' lang='lat'>3</span> 
     </span>
     <span class='ocr_line' id='line_1_28' title="bbox 139 2551 1381 2616; baseline -0.002 -16"><span class='ocrx_word' id='word_1_171' title='bbox 139 2552 251 2616; x_wconf 91' lang='lat' dir='ltr'>ipse</span> <span class='ocrx_word' id='word_1_172' title='bbox 275 2551 457 2601; x_wconf 85' lang='lat' dir='ltr'>volans</span> <span class='ocrx_word' id='word_1_173' title='bbox 481 2551 652 2600; x_wconf 90' lang='lat' dir='ltr'>tenuis</span> <span class='ocrx_word' id='word_1_174' title='bbox 678 2569 731 2601; x_wconf 90' lang='lat' dir='ltr'>se</span> <span class='ocrx_word' id='word_1_175' title='bbox 757 2551 970 2600; x_wconf 85' lang='lat' dir='ltr'>sustulit</span> <span class='ocrx_word' id='word_1_176' title='bbox 993 2551 1098 2600; x_wconf 92' lang='lat' dir='ltr'>ales</span> <span class='ocrx_word' id='word_1_177' title='bbox 1125 2552 1190 2599; x_wconf 82' lang='lat' dir='ltr'>ad</span> <span class='ocrx_word' id='word_1_178' title='bbox 1214 2566 1381 2599; x_wconf 86' lang='lat' dir='ltr'>auras.</span> 
     </span>
     <span class='ocr_line' id='line_1_29' title="bbox 139 2637 1401 2701; baseline 0 -15"><span class='ocrx_word' id='word_1_179' title='bbox 139 2638 316 2687; x_wconf 86' lang='lat' dir='ltr'>Currit</span> <span class='ocrx_word' id='word_1_180' title='bbox 339 2638 439 2687; x_wconf 92' lang='lat' dir='ltr'>iter</span> <span class='ocrx_word' id='word_1_181' title='bbox 462 2643 634 2687; x_wconf 90' lang='lat' dir='ltr'>tutum</span> <span class='ocrx_word' id='word_1_182' title='bbox 661 2655 763 2687; x_wconf 92' lang='lat' dir='ltr'>non</span> <span class='ocrx_word' id='word_1_183' title='bbox 790 2638 950 2687; x_wconf 92' lang='lat' dir='ltr'>setius</span> <span class='ocrx_word' id='word_1_184' title='bbox 976 2654 1193 2701; x_wconf 89' lang='lat' dir='ltr'>aequore</span> <span class='ocrx_word' id='word_1_185' title='bbox 1220 2637 1401 2686; x_wconf 90' lang='lat' dir='ltr'>classis</span> 
     </span>
     <span class='ocr_line' id='line_1_30' title="bbox 137 2725 1427 2789; baseline -0.002 -15"><span class='ocrx_word' id='word_1_186' title='bbox 137 2725 508 2789; x_wconf 89' lang='lat' dir='ltr'>promissisque</span> <span class='ocrx_word' id='word_1_187' title='bbox 534 2726 697 2789; x_wconf 90' lang='lat' dir='ltr'>patris</span> <span class='ocrx_word' id='word_1_188' title='bbox 722 2726 959 2789; x_wconf 88' lang='lat' dir='ltr'>Neptuni</span> <span class='ocrx_word' id='word_1_189' title='bbox 984 2725 1222 2773; x_wconf 86' lang='lat' dir='ltr'>interrita</span> <span class='ocrx_word' id='word_1_190' title='bbox 1246 2725 1427 2772; x_wconf 81' lang='lat' dir='ltr'>fertur.</span> 
     </span>
     <span class='ocr_line' id='line_1_31' title="bbox 139 2811 1522 2877; baseline -0.001 -17"><span class='ocrx_word' id='word_1_191' title='bbox 139 2813 355 2876; x_wconf 89' lang='lat' dir='ltr'>Iamque</span> <span class='ocrx_word' id='word_1_192' title='bbox 379 2813 509 2862; x_wconf 87' lang='lat' dir='ltr'>adeo</span> <span class='ocrx_word' id='word_1_193' title='bbox 533 2812 769 2877; x_wconf 91' lang='lat' dir='ltr'>scopulos</span> <span class='ocrx_word' id='word_1_194' title='bbox 797 2812 1033 2861; x_wconf 85' lang='lat' dir='ltr'>Sirenum</span> <span class='ocrx_word' id='word_1_195' title='bbox 1061 2813 1275 2860; x_wconf 83' lang='lat' dir='ltr'>advecta</span> <span class='ocrx_word' id='word_1_196' title='bbox 1300 2811 1522 2872; x_wconf 84' lang='lat' dir='ltr'>subibat,</span> 
     </span>
    </p>
   </div>
   <div class='ocr_carea' id='block_1_3' title="bbox 852 2915 1161 2955">
    <p class='ocr_par' dir='ltr' id='par_1_12' title="bbox 852 2915 1161 2955">
     <span class='ocr_line' id='line_1_32' title="bbox 852 2915 1161 2955; baseline -0.01 -1"><span class='ocrx_word' id='word_1_197' title='bbox 852 2916 888 2955; x_wconf 90' lang='lat'>1.</span> <span class='ocrx_word' id='word_1_198' title='bbox 927 2915 1161 2954; x_wconf 60' lang='lat' dir='ltr'>amittebat.</span> 
     </span>
    </p>
   </div>
   <div class='ocr_carea' id='block_1_4' title="bbox 1788 132 1890 186">
    <p class='ocr_par' dir='ltr' id='par_1_13' title="bbox 1788 132 1890 186">
     <span class='ocr_line' id='line_1_33' title="bbox 1788 132 1890 186; baseline -0.01 0"><span class='ocrx_word' id='word_1_199' title='bbox 1788 132 1890 186; x_wconf 78' lang='lat'>147</span> 
     </span>
    </p>
   </div>
   <div class='ocr_carea' id='block_1_5' title="bbox 1825 730 1895 768">
    <p class='ocr_par' dir='ltr' id='par_1_14' title="bbox 1825 730 1895 768">
     <span class='ocr_line' id='line_1_34' title="bbox 1825 730 1895 768; baseline -0.014 0"><span class='ocrx_word' id='word_1_200' title='bbox 1825 730 1895 768; x_wconf 86' lang='lat'>840</span> 
     </span>
    </p>
   </div>
   <div class='ocr_carea' id='block_1_6' title="bbox 1821 1164 1894 1202">
    <p class='ocr_par' dir='ltr' id='par_1_15' title="bbox 1821 1164 1894 1202">
     <span class='ocr_line' id='line_1_35' title="bbox 1821 1164 1894 1202; baseline 0 0"><span class='ocrx_word' id='word_1_201' title='bbox 1821 1164 1894 1202; x_wconf 83' lang='lat'>845</span> 
     </span>
    </p>
   </div>
  </div>
 </body>
</html>
