2148 3204
97 264 240 312 Dant
264 261 502 311 manibus
527 259 715 308 famuli
739 258 981 323 lymphas
1009 257 1357 318 Cereremque
1384 258 1627 308 canistris

97 349 379 413 expediunt
404 354 672 409 tensisque
700 347 878 394 ferunt
903 343 1152 393 mantelia
1174 343 1342 394 villisz,

97 435 486 499 Quinquaginta
509 435 652 483 intus
677 433 921 493 famulae,
948 432 1137 494 quibus
1165 430 1344 478 erdine
1379 434 1533 495 longo

98 533 220 572 ciira
243 539 433 586 penum
461 527 658 570 struere
682 525 739 569 et
761 520 984 568 flammis
1010 518 1214 567 adolere
1238 517 1463 568 Pena-tis
1484 538 1496 581 3

99 615 305 658 centum
330 609 463 657 aliae
487 608 810 670 totidemque
837 614 984 670 pares
1010 609 1180 654 aetate
1205 603 1451 663 ministri,

100 706 190 760 qui
214 697 433 760 dapibus
459 703 665 744 mensas
691 699 906 742 onerent
931 698 983 741 et
1008 692 1194 756 pecula
1218 694 1428 754 penant.

99 785 209 833 Nec
234 792 338 832 nen
363 788 415 831 et
439 783 588 847 Tyrii
612 799 704 846 per
728 782 913 829 limina
936 781 1076 828 laeta
1099 779 1401 842 frequentes

100 879 397 930 convenere,
424 875 553 918 toris
578 870 710 918 iussi
734 868 1056 917 discumbere
1081 867 1251 930 pictis.

100 961 363 1007 Mirantur
387 959 524 1006 dena
543 957 764 1017 Aeneae,
793 960 1049 1004 mirantur
1074 954 1249 1002 Iulum

100 1047 472 1108 flagrantisque
497 1045 581 1093 dei
605 1044 777 1092 voltus
798 1043 1145 1104 simulataque
1169 1041 1328 1103 verba

101 1134 395 1197 pallamque
421 1137 472 1181 et
497 1132 690 1196 pictum
719 1139 894 1179 crocee
920 1130 1157 1178 velamen
1181 1128 1420 1177 acanthe.

101 1220 385 1284 Praecipue
410 1220 613 1280 infelix,
640 1224 778 1282 pesti
801 1219 990 1266 deveta
1014 1217 1238 1277 futurae,

102 1308 302 1370 expleri
327 1302 555 1355 mentem
580 1306 762 1368 nequit
788 1305 1115 1367 ardescitque
1140 1304 1335 1352 tuende

102 1396 389 1443 Phoenissa
414 1399 467 1442 et
485 1393 680 1457 pariter
705 1401 863 1456 puers)
889 1392 1142 1454 denisque
1168 1395 1419 1439 movetur.

104 1482 204 1529 Ille
223 1481 314 1530 ubi
337 1481 610 1544 complexu
634 1481 841 1528 Aeneae
868 1479 1102 1541 colleque
1129 1461 1380 1542 pependit
1788 1484 1860 1523 715

105 1575 156 1618 et
182 1585 426 1630 magnum
449 1568 576 1616 falsi
599 1567 843 1631 implevit
869 1566 1119 1629 geniteris
1146 1574 1387 1626 amerem,

104 1664 334 1718 reginam
364 1655 510 1718 petit.
585 1656 730 1702 Haec
756 1654 934 1715 oculis,
961 1653 1088 1701 haec
1112 1657 1319 1716 pectore
1345 1657 1456 1700 tete

27 1798 30 1801 ,
105 1744 284 1791 haeret
309 1748 362 1790 et
390 1743 650 1790 interdum
679 1741 874 1803 gremie
900 1742 1060 1802 fovet,
1087 1739 1254 1788 inscia
1277 1740 1432 1799 Dide3

105 1831 302 1878 insidat
336 1834 561 1892 quantus
589 1829 806 1877 miserae
840 1828 981 1876 deus.
1053 1827 1128 1874 At
1159 1842 1354 1874 memor
1381 1826 1471 1874 ille

106 1916 289 1965 matris
314 1916 584 1964 Acidaliae
609 1915 864 1978 paulatim
889 1914 1092 1963 abolere
1118 1914 1407 1977 Sychaeum
1688 1934 1695 1937 ·
1793 1921 1865 1959 720

106 2005 295 2068 incipit
319 2009 373 2052 et
396 2012 518 2052 vive
542 2005 768 2067 temptat
789 2008 1116 2067 praevertere
1140 2010 1312 2050 amere

107 2093 209 2142 iam
236 2094 440 2157 pridem
463 2093 661 2142 resides
687 2092 887 2141 animes
914 2092 1229 2153 desuetaque
1254 2090 1422 2139 corda.

110 2261 236 2309 After
255 2262 322 2300 the
343 2265 475 2300 toasts
493 2262 583 2300 and
601 2262 668 2299 the
686 2272 792 2309 sony
810 2263 860 2309 of
871 2260 1014 2308 Iopas,
1034 2261 1147 2298 Dido
1168 2260 1264 2307 beys
1283 2258 1448 2297 Aeneas
1469 2263 1509 2296 to
1529 2259 1601 2296 tell
1617 2259 1684 2296 his
1703 2262 1831 2304 story.

176 2352 462 2414 Postquam
487 2359 657 2414 prima
680 2350 826 2414 quies
852 2349 1020 2413 epulis
1040 2358 1350 2411 mensaeque
1375 2343 1617 2409 remetae',

43 2481 50 2489 .
111 2442 336 2486 crateras
363 2446 576 2499 magnes
603 2442 841 2486 statuunt
866 2442 918 2485 et
943 2445 1065 2484 vina
1089 2441 1349 2484 corenant.

19 2942 62 3204 ῃ-’ἂμὲϋῑΐ
40 2909 57 2914 ;
22 2855 26 2862 “
22 2829 35 2834 ⁷

112 2525 200 2572 Fit
226 2525 476 2587 strepitus
503 2529 655 2572 tectis
682 2532 962 2586 vecemque
989 2539 1078 2586 per
1103 2523 1278 2585 ampla
1307 2521 1548 2570 volatant
1619 2542 1622 2544 ·
1795 2530 1864 2567 725

113 2610 276 2672 atria3
316 2611 610 2674 dependent
646 2611 829 2674 lychni
852 2610 1184 2673 laquearibus
1210 2617 1380 2657 aureis
1400 2607 1416 2635 ¹

114 2696 317 2746 incensi
341 2702 393 2747 et
415 2702 621 2746 noctem
644 2697 867 2746 flammis
892 2696 1098 2744 funalia
1120 2696 1352 2745 vincunt.

1033 2795 1073 2808 Α

876 2812 911 2848 1.
948 2812 1107 2849 aureis.
