2148 3204
677 142 985 180 AENEIDos
1025 142 1144 178 121ss.
1179 141 1263 178 vr.
1751 125 1848 180 161

115 297 204 338 The
224 298 337 338 road
356 299 533 347 leadiny
555 302 596 336 to
620 297 835 335 Acheron.
905 295 1083 335 Charon
1106 295 1197 334 and
1216 295 1434 337 councless
1456 293 1621 344 qhosts.

174 401 314 448 Hine
340 397 449 460 viag
466 399 700 447 Tartarei
727 415 854 461 quae
879 399 984 446 fert
1010 398 1320 468 Acherontis
1347 397 1413 444 ad
1438 397 1620 445 undas.
1785 408 1854 443 295

107 488 366 536 Turbidus
392 487 478 534 1110
498 501 653 534 030110
679 492 927 548 vastaque
952 485 1198 546 voragine
1225 500 1407 545 gurges

107 579 324 633 aestuat,
351 579 506 636 atque
532 589 733 620 omnem
760 574 954 636 Cocyto
978 577 1178 620 eructat
1202 572 1461 620 harenam.

32 696 35 699 ,
106 660 338 710 Portitor
361 661 455 709 has
480 660 767 708 horrendus
793 675 952 722 aquas
979 664 1031 706 et
1055 659 1270 706 flumina
1295 663 1466 707 servat

757 2002 854 2038 FIG.
880 2003 942 2038 29.
994 2001 1205 2039 CHARON.

105 2136 331 2186 terribili
356 2135 592 2199 squalore
618 2135 836 2195 Charon,
862 2133 947 2182 eui
972 2133 1197 2197 plurima
1220 2136 1394 2180 mento

107 2224 324 2272 canities
349 2223 548 2270 inculta
573 2222 720 2283 iacet,
748 2226 889 2270 stant
913 2221 1113 2269 lumina
1136 2221 1357 2279 flamma,
1788 2227 1856 2264 300

109 2311 347 2359 sordidus
373 2327 436 2358 ex
460 2310 651 2357 umeris
675 2310 807 2356 nodo
832 2309 1089 2370 dependet
1113 2307 1349 2356 amiotus.

108 2398 229 2461 Ipse
253 2403 415 2445 ratem
440 2402 592 2444 conto
618 2395 812 2456 subigit
836 2395 1070 2457 velisque
1095 2394 1360 2442 ministrat

106 2489 159 2532 et
183 2484 480 2545 ferruginea
504 2484 773 2531 subvectat
798 2498 1010 2545 corpora
1035 2482 1230 2541 cumba,

106 2571 211 2619 iam
236 2571 421 2631 senior,
449 2571 539 2618 sed
563 2571 722 2618 cruda
746 2570 841 2617 deo
865 2569 1154 2631 viridisque
1181 2572 1433 2616 seneotus.

107 2659 229 2706 Huo
254 2657 420 2706 omnis
445 2657 597 2705 turba
621 2657 686 2704 ad
711 2657 852 2719 ripas
879 2656 1044 2704 effusa
1066 2656 1262 2713 ruebat,
1788 2664 1856 2700 305

107 2750 297 2792 matres
323 2749 478 2806 atque
501 2743 620 2804 viri,
646 2743 996 2805 defunctaque
1022 2757 1234 2804 corpora
1256 2740 1370 2789 vita

106 2831 491 2894 magnanimum
519 2830 748 2891 heroum,
774 2828 923 2894 pueri
947 2828 1299 2892 innuptaeque
1322 2826 1527 2891 puellae
