2148 3204
738 109 1046 160 AENErDos
1085 117 1204 153 ΜΒ.
1238 114 1322 151 vr.
1808 91 1907 144 177

131 281 134 285 ’
167 269 378 318 floribus
404 265 640 314 insidunt
664 261 822 309 variis
848 265 899 306 et
924 257 1145 305 candida
1168 254 1360 301 circum

167 358 282 405 lilia
306 355 613 412 funduntur,
641 349 826 410 strepit
851 345 1017 394 omnis
1043 358 1303 391 murmure
1328 353 1557 401 campus.

169 428 439 491 Horrescit
463 440 582 488 visu
607 438 778 486 subito
804 448 1088 494 causasque
1116 428 1336 491 requirit
1848 429 1916 468 71ss

169 531 362 580 inscius
389 530 607 587 Aeneas,
635 539 763 587 quae
791 521 896 570 sint
922 536 982 568 ea
1004 517 1220 566 fiumina
1242 531 1408 578 porro,

170 621 326 684 quive
349 618 452 666 viri
475 621 622 664 tanto
647 610 954 674 complerint
979 607 1183 669 agmine
1209 605 1363 667 ripas.

172 710 302 756 Tum
329 711 476 770 pater
502 702 758 751 Anchises
781 719 789 746 z
831 697 1089 755 ‘Aniinae‚
1117 694 1304 757 quibus
1331 692 1494 739 altera
1519 689 1631 737 fato

173 811 385 858 corpora
410 793 676 850 debentur,
704 786 923 835 Lethaei
949 785 1014 832 ad
1038 781 1268 830 fluminis
1294 779 1486 826 undam

174 888 377 931 securos
402 880 583 928 latices
610 876 840 947 etlonga
866 872 1059 920 oblivia
1083 874 1279 933 potant.
1856 870 1927 907 715

174 972 287 1018 Has
314 967 550 1030 equidem
577 977 859 1012 memorare
884 959 983 1007 tibi
1008 963 1162 1020 atque
1189 955 1460 1003 ostendere
1485 968 1669 1012 coram,

173 1055 480 1119 iampridem
504 1053 639 1100 hanc
663 1049 860 1114 prolem
887 1046 1037 1109 cupio
1062 1057 1360 1092 enumerare
1384 1055 1630 1098 meorum,

175 1161 276 1208 quo
303 1142 467 1204 inagis
493 1139 654 1188 Italia
677 1152 878 1185 mecum
902 1135 1094 1181 laetere
1119 1129 1356 1192 reperta!

176 1237 188 1260 ‘
204 1232 245 1281 O
272 1235 432 1294 pater,
459 1243 591 1276 anne
617 1225 818 1287 aliquas
845 1223 911 1270 ad
936 1219 1132 1268 caelum
1157 1218 1280 1265 hinc
1305 1215 1379 1263 ire
1404 1213 1693 1278 putandum
1718 1215 1797 1258 est

177 1316 415 1369 sublimis
441 1315 642 1364 animas
667 1313 959 1371 iterumque
986 1308 1053 1356 ad
1077 1305 1227 1353 tarda
1246 1301 1438 1350 reverti
1790 1332 1794 1333 γ
1861 1306 1930 1343 720

178 1406 431 1469 corpora?
503 1403 642 1459 Quae
667 1398 801 1446 lucis
828 1395 1034 1444 miseris
1061 1398 1167 1441 tam
1197 1391 1311 1439 dira
1337 1388 1523 1451 cupido
1542 1388 1567 1434 ἵ)
1586 1391 1600 1416 ⁷

179 1494 387 1541 ‘Dicam
412 1490 649 1553 equidem
675 1502 770 1534 nec
793 1490 845 1532 te
872 1496 1195 1545 suspensum,
1221 1484 1356 1537 nate,
1384 1474 1598 1535 tenebo,'

181 1580 400 1644 suscipit
425 1576 683 1625 Anchises
708 1557 863 1636 atque
889 1569 1068 1619 ordine
1095 1565 1300 1627 singula
1323 1562 1521 1627 pandit.

190 1752 278 1792 The
299 1751 494 1790 doctrine
526 1747 579 1799 of
601 1747 668 1786 the
699 1743 849 1783 anima
878 1739 1035 1779 mundi
1060 1739 1151 1779 and
1172 1737 1226 1788 of
1247 1737 1315 1776 the
1336 1734 1475 1773 souz’s
1497 1731 1790 1782 purification
1822 1728 1939 1778 aster

975 1815 1116 1855 death.

254 1919 549 1982 ‘Principio
574 1916 771 1965 caelum
797 1929 854 1962 ac
879 1918 1044 1960 terras
1071 1922 1380 1970 camposque
1404 1900 1654 1966 liquentis

184 2011 545 2069 lucentemque
572 2004 780 2066 globum
805 2001 959 2048 lunae
985 1996 1295 2056 Titaniaque
1322 1998 1463 2040 astra
1870 1996 1941 2032 725

188 2086 404 2162 spiritus
430 2096 573 2141 intus
601 2091 710 2151 alit,
737 2093 1002 2149 totamque
1027 2085 1206 2132 infusa
1229 2097 1320 2144 per
1345 2084 1488 2127 artus

188 2201 332 2242 mens
358 2183 522 2244 agitat
548 2179 735 2227 molem
760 2181 812 2224 et
837 2189 1023 2236 magno
1048 2187 1100 2220 se
1127 2184 1335 2233 corpore
1361 2167 1557 2214 miscet.

189 2272 320 2320 Inde
344 2269 616 2333 hominum
640 2264 998 2328 pecudumque
1025 2274 1202 2321 genus,
1228 2256 1470 2315 vitaeque
1494 2252 1778 2310 volantum,
1821 2230 1828 2234 „

191 2365 243 2408 et
269 2374 399 2422 quae
423 2368 711 2404 marmoreo
735 2351 841 2398 fert
865 2347 1098 2396 monstra
1123 2345 1219 2393 sub
1242 2355 1464 2403 aequore
1487 2344 1694 2402 pontus.

191 2448 382 2508 Igneus
409 2448 488 2492 est
513 2441 630 2490 ollis
655 2439 800 2500 Vigor
826 2441 877 2484 et
903 2433 1140 2483 caelestis
1168 2430 1308 2490 origo
1878 2439 1943 2476 730

194 2532 493 2591 seminibus,
520 2532 773 2592 quantum
797 2540 902 2571 non
925 2521 1081 2569 noxia
1107 2532 1318 2581 corpora
1340 2515 1550 2564 tardant

193 2619 490 2680 terrenique
514 2617 763 2663 hebetant
789 2616 932 2660 artus
958 2598 1365 2666 moribundaque
1392 2602 1637 2650 membra.

197 2708 336 2755 Hinc
361 2707 602 2752 metuunt
627 2701 961 2762 cupiuntque,
988 2695 1164 2742 dolent
1191 2691 1534 2753 gaudentque,
1562 2701 1728 2748 neque
1755 2699 1903 2731 auras

196 2792 481 2856 dispiciunt
505 2789 709 2837 clausae
732 2783 958 2833 tenebris
984 2786 1037 2829 et
1061 2793 1262 2827 carcere
1288 2789 1450 2824 caeco,
