<?xml version="1.0" encoding="UTF-8"?>
<!DOCTYPE html PUBLIC "-//W3C//DTD XHTML 1.0 Transitional//EN"
    "http://www.w3.org/TR/xhtml1/DTD/xhtml1-transitional.dtd">
<html xmlns="http://www.w3.org/1999/xhtml" xml:lang="en" lang="en">
 <head>
  <title>
</title>
<meta http-equiv="Content-Type" content="text/html;charset=utf-8" />
  <meta name='ocr-system' content='tesseract 3.04.00' />
  <meta name='ocr-capabilities' content='ocr_page ocr_carea ocr_par ocr_line ocrx_word'/>
</head>
<body>
  <div class='ocr_page' id='page_1' title='image "./virgilsaeneidboo00virgrich_0144.png"; bbox 0 0 2148 3204; ppageno 0'>
   <div class='ocr_carea' id='block_1_1' title="bbox 241 123 1459 175">
    <p class='ocr_par' dir='ltr' id='par_1_1' title="bbox 241 123 1459 175">
     <span class='ocr_line' id='line_1_1' title="bbox 241 123 1459 175; baseline -0.009 0"><span class='ocrx_word' id='word_1_1' title='bbox 241 123 310 175; x_wconf 86' lang='lat'>64</span> <span class='ocrx_word' id='word_1_2' title='bbox 779 132 834 169; x_wconf 87' lang='lat' dir='ltr'>P.</span> <span class='ocrx_word' id='word_1_3' title='bbox 879 129 1140 169; x_wconf 78' lang='lat' dir='ltr'><strong>VERGILI</strong></span> <span class='ocrx_word' id='word_1_4' title='bbox 1175 125 1459 164; x_wconf 73' lang='lat' dir='ltr'>MARoms</span> 
     </span>
    </p>
   </div>
   <div class='ocr_carea' id='block_1_2' title="bbox 249 327 870 379">
    <p class='ocr_par' dir='ltr' id='par_1_2' title="bbox 249 327 870 379">
     <span class='ocr_line' id='line_1_2' title="bbox 249 327 870 379; baseline -0.006 -9"><span class='ocrx_word' id='word_1_5' title='bbox 249 329 335 370; x_wconf 80' lang='lat' dir='ltr'>The</span> <span class='ocrx_word' id='word_1_6' title='bbox 360 328 548 379; x_wconf 78' lang='lat' dir='ltr'>Trojans</span> <span class='ocrx_word' id='word_1_7' title='bbox 567 327 698 368; x_wconf 79' lang='lat' dir='ltr'>reach</span> <span class='ocrx_word' id='word_1_8' title='bbox 720 327 870 366; x_wconf 77' lang='lat' dir='ltr'>Delos.</span> 
     </span>
    </p>
   </div>
   <div class='ocr_carea' id='block_1_3' title="bbox 240 421 1789 1365">
    <p class='ocr_par' dir='ltr' id='par_1_3' title="bbox 240 421 1789 1365">
     <span class='ocr_line' id='line_1_3' title="bbox 312 421 1531 487; baseline -0.008 -7"><span class='ocrx_word' id='word_1_9' title='bbox 312 432 466 480; x_wconf 86' lang='lat' dir='ltr'>Sacra</span> <span class='ocrx_word' id='word_1_10' title='bbox 489 429 620 478; x_wconf 88' lang='lat' dir='ltr'>mari</span> <span class='ocrx_word' id='word_1_11' title='bbox 645 428 831 477; x_wconf 73' lang='lat' dir='ltr'>colitur</span> <span class='ocrx_word' id='word_1_12' title='bbox 858 427 1026 475; x_wconf 89' lang='lat' dir='ltr'>medio</span> <span class='ocrx_word' id='word_1_13' title='bbox 1052 424 1348 487; x_wconf 85' lang='lat' dir='ltr'>gratissima</span> <span class='ocrx_word' id='word_1_14' title='bbox 1371 421 1531 471; x_wconf 87' lang='lat' dir='ltr'>tellus</span> 
     </span>
     <span class='ocr_line' id='line_1_4' title="bbox 240 513 1326 576; baseline -0.008 -9"><span class='ocrx_word' id='word_1_15' title='bbox 240 519 527 568; x_wconf 81' lang='lat' dir='ltr'>Nereidum</span> <span class='ocrx_word' id='word_1_16' title='bbox 553 515 736 564; x_wconf 85' lang='lat' dir='ltr'>matri1</span> <span class='ocrx_word' id='word_1_17' title='bbox 761 520 813 562; x_wconf 91' lang='lat' dir='ltr'>et</span> <span class='ocrx_word' id='word_1_18' title='bbox 832 515 1082 576; x_wconf 87' lang='lat' dir='ltr'>Neptuno</span> <span class='ocrx_word' id='word_1_19' title='bbox 1106 513 1326 573; x_wconf 85' lang='lat' dir='ltr'>Aegaeo,</span> 
     </span>
     <span class='ocr_line' id='line_1_5' title="bbox 243 597 1531 670; baseline -0.009 -15"><span class='ocrx_word' id='word_1_20' title='bbox 243 623 396 670; x_wconf 87' lang='lat' dir='ltr'>quam</span> <span class='ocrx_word' id='word_1_21' title='bbox 422 605 539 669; x_wconf 89' lang='lat' dir='ltr'>pius</span> <span class='ocrx_word' id='word_1_22' title='bbox 560 603 914 666; x_wconf 71' lang='lat' dir='ltr'>Arquitenens</span> <span class='ocrx_word' id='word_1_23' title='bbox 941 616 1054 648; x_wconf 88' lang='lat' dir='ltr'>oras</span> <span class='ocrx_word' id='word_1_24' title='bbox 1081 604 1134 648; x_wconf 91' lang='lat' dir='ltr'>et</span> <span class='ocrx_word' id='word_1_25' title='bbox 1158 599 1313 647; x_wconf 82' lang='lat' dir='ltr'>litora</span> <span class='ocrx_word' id='word_1_26' title='bbox 1338 597 1531 646; x_wconf 91' lang='lat' dir='ltr'>circum</span> 
     </span>
     <span class='ocr_line' id='line_1_6' title="bbox 243 684 1529 756; baseline -0.009 -14"><span class='ocrx_word' id='word_1_27' title='bbox 243 698 502 742; x_wconf 73' lang='lat' dir='ltr'>errantem</span> <span class='ocrx_word' id='word_1_28' title='bbox 526 693 750 756; x_wconf 87' lang='lat' dir='ltr'>Mycono</span> <span class='ocrx_word' id='word_1_29' title='bbox 780 706 806 737; x_wconf 94' lang='lat' dir='ltr'>e</span> <span class='ocrx_word' id='word_1_30' title='bbox 831 688 969 737; x_wconf 76' lang='lat' dir='ltr'>ceisa</span> <span class='ocrx_word' id='word_1_31' title='bbox 995 689 1272 751; x_wconf 81' lang='lat' dir='ltr'>Gyaroque</span> <span class='ocrx_word' id='word_1_32' title='bbox 1297 684 1529 736; x_wconf 81' lang='lat' dir='ltr'>revinxit</span> 
     </span>
     <span class='ocr_line' id='line_1_7' title="bbox 241 776 1565 841; baseline -0.007 -12"><span class='ocrx_word' id='word_1_33' title='bbox 241 782 613 841; x_wconf 71' lang='lat' dir='ltr'>immotamque</span> <span class='ocrx_word' id='word_1_34' title='bbox 640 777 740 825; x_wconf 91' lang='lat' dir='ltr'>coli</span> <span class='ocrx_word' id='word_1_35' title='bbox 766 777 912 824; x_wconf 83' lang='lat' dir='ltr'>dedit</span> <span class='ocrx_word' id='word_1_36' title='bbox 932 781 984 823; x_wconf 93' lang='lat' dir='ltr'>et</span> <span class='ocrx_word' id='word_1_37' title='bbox 1012 779 1339 823; x_wconf 89' lang='lat' dir='ltr'>contemnere</span> <span class='ocrx_word' id='word_1_38' title='bbox 1364 776 1565 820; x_wconf 76' lang='lat' dir='ltr'>ventos·</span> 
     </span>
     <span class='ocr_line' id='line_1_8' title="bbox 244 859 1605 927; baseline -0.009 -10"><span class='ocrx_word' id='word_1_39' title='bbox 244 870 365 917; x_wconf 92' lang='lat' dir='ltr'>Huc</span> <span class='ocrx_word' id='word_1_40' title='bbox 389 868 555 927; x_wconf 70' lang='lat' dir='ltr'>fei-01¹3</span> <span class='ocrx_word' id='word_1_41' title='bbox 584 866 710 913; x_wconf 86' lang='lat' dir='ltr'>haec</span> <span class='ocrx_word' id='word_1_42' title='bbox 737 865 904 912; x_wconf 82' lang='lat' dir='ltr'>fessos</span> <span class='ocrx_word' id='word_1_43' title='bbox 930 867 1046 910; x_wconf 89' lang='lat' dir='ltr'>tuto</span> <span class='ocrx_word' id='word_1_44' title='bbox 1073 859 1429 924; x_wconf 84' lang='lat' dir='ltr'>placidissima</span> <span class='ocrx_word' id='word_1_45' title='bbox 1451 864 1605 921; x_wconf 89' lang='lat' dir='ltr'>portu</span> 
     </span>
     <span class='ocr_line' id='line_1_9' title="bbox 244 946 1577 1019; baseline -0.009 -15"><span class='ocrx_word' id='word_1_46' title='bbox 244 955 448 1019; x_wconf 88' lang='lat' dir='ltr'>accipit.</span> <span class='ocrx_word' id='word_1_47' title='bbox 520 952 733 1015; x_wconf 81' lang='lat' dir='ltr'>Egressi</span> <span class='ocrx_word' id='word_1_48' title='bbox 760 966 1069 999; x_wconf 82' lang='lat' dir='ltr'>veneramur</span> <span class='ocrx_word' id='word_1_49' title='bbox 1095 946 1358 1011; x_wconf 82' lang='lat' dir='ltr'>ApoHinis</span> <span class='ocrx_word' id='word_1_50' title='bbox 1384 946 1577 994; x_wconf 87' lang='lat' dir='ltr'>urbem.</span> 
     </span>
     <span class='ocr_line' id='line_1_10' title="bbox 243 1029 1789 1102; baseline -0.008 -11"><span class='ocrx_word' id='word_1_51' title='bbox 243 1045 359 1091; x_wconf 81' lang='lat' dir='ltr'>Rex</span> <span class='ocrx_word' id='word_1_52' title='bbox 388 1041 567 1102; x_wconf 82' lang='lat' dir='ltr'>Anius,</span> <span class='ocrx_word' id='word_1_53' title='bbox 593 1056 685 1088; x_wconf 80' lang='lat' dir='ltr'>rex</span> <span class='ocrx_word' id='word_1_54' title='bbox 708 1040 846 1087; x_wconf 87' lang='lat' dir='ltr'>idem</span> <span class='ocrx_word' id='word_1_55' title='bbox 873 1037 1141 1085; x_wconf 86' lang='lat' dir='ltr'>hominum</span> <span class='ocrx_word' id='word_1_56' title='bbox 1168 1035 1468 1096; x_wconf 87' lang='lat' dir='ltr'>Phoebique</span> <span class='ocrx_word' id='word_1_57' title='bbox 1496 1031 1751 1092; x_wconf 75' lang='lat' dir='ltr'>sacerdos,</span> <span class='ocrx_word' id='word_1_58' title='bbox 1785 1029 1789 1033; x_wconf 78' lang='grc'><strong>’</strong></span> 
     </span>
     <span class='ocr_line' id='line_1_11' title="bbox 245 1107 1751 1186; baseline -0.008 -9"><span class='ocrx_word' id='word_1_59' title='bbox 245 1130 394 1178; x_wconf 89' lang='lat' dir='ltr'>vittis</span> <span class='ocrx_word' id='word_1_60' title='bbox 421 1134 473 1177; x_wconf 93' lang='lat' dir='ltr'>et</span> <span class='ocrx_word' id='word_1_61' title='bbox 500 1143 645 1176; x_wconf 88' lang='lat' dir='ltr'>sacra</span> <span class='ocrx_word' id='word_1_62' title='bbox 667 1124 940 1174; x_wconf 89' lang='lat' dir='ltr'>redimitus</span> <span class='ocrx_word' id='word_1_63' title='bbox 968 1129 1202 1186; x_wconf 87' lang='lat' dir='ltr'>tempora</span> <span class='ocrx_word' id='word_1_64' title='bbox 1225 1122 1371 1170; x_wconf 83' lang='lat' dir='ltr'>lauro</span> <span class='ocrx_word' id='word_1_65' title='bbox 1745 1107 1751 1111; x_wconf 38' lang='lat'><em>⁶</em></span> 
     </span>
     <span class='ocr_line' id='line_1_12' title="bbox 246 1198 1595 1277; baseline -0.009 -12"><span class='ocrx_word' id='word_1_66' title='bbox 246 1216 482 1277; x_wconf 84' lang='lat' dir='ltr'>occurrit,</span> <span class='ocrx_word' id='word_1_67' title='bbox 508 1220 734 1263; x_wconf 85' lang='lat' dir='ltr'>veterem</span> <span class='ocrx_word' id='word_1_68' title='bbox 761 1212 1030 1260; x_wconf 88' lang='lat' dir='ltr'>Anchisen</span> <span class='ocrx_word' id='word_1_69' title='bbox 1050 1209 1319 1272; x_wconf 78' lang='lat' dir='ltr'>adgnoscit</span> <span class='ocrx_word' id='word_1_70' title='bbox 1340 1198 1595 1269; x_wconf 90' lang='lat' dir='ltr'>amicum;</span> 
     </span>
     <span class='ocr_line' id='line_1_13' title="bbox 245 1295 1519 1365; baseline -0.008 -13"><span class='ocrx_word' id='word_1_71' title='bbox 245 1303 507 1365; x_wconf 85' lang='lat' dir='ltr'>iungimus</span> <span class='ocrx_word' id='word_1_72' title='bbox 534 1301 763 1365; x_wconf 85' lang='lat' dir='ltr'>hospitio</span> <span class='ocrx_word' id='word_1_73' title='bbox 791 1301 1002 1347; x_wconf 78' lang='lat' dir='ltr'>dextras</span> <span class='ocrx_word' id='word_1_74' title='bbox 1029 1304 1081 1346; x_wconf 91' lang='lat' dir='ltr'>et</span> <span class='ocrx_word' id='word_1_75' title='bbox 1106 1301 1245 1345; x_wconf 88' lang='lat' dir='ltr'>tecta</span> <span class='ocrx_word' id='word_1_76' title='bbox 1271 1295 1519 1345; x_wconf 88' lang='lat' dir='ltr'>subimus.</span> 
     </span>
    </p>
   </div>
   <div class='ocr_carea' id='block_1_4' title="bbox 254 1458 1505 1517">
    <p class='ocr_par' dir='ltr' id='par_1_4' title="bbox 254 1458 1505 1517">
     <span class='ocr_line' id='line_1_14' title="bbox 254 1458 1505 1517; baseline -0.008 -8"><span class='ocrx_word' id='word_1_77' title='bbox 254 1468 339 1508; x_wconf 82' lang='lat' dir='ltr'>The</span> <span class='ocrx_word' id='word_1_78' title='bbox 362 1467 508 1508; x_wconf 77' lang='lat' dir='ltr'>oracle</span> <span class='ocrx_word' id='word_1_79' title='bbox 530 1467 583 1517; x_wconf 85' lang='lat' dir='ltr'>of</span> <span class='ocrx_word' id='word_1_80' title='bbox 595 1464 755 1515; x_wconf 76' lang='lat' dir='ltr'>Apollo</span> <span class='ocrx_word' id='word_1_81' title='bbox 777 1476 915 1504; x_wconf 83' lang='lat' dir='ltr'>seems</span> <span class='ocrx_word' id='word_1_82' title='bbox 936 1467 979 1504; x_wconf 79' lang='lat' dir='ltr'>to</span> <span class='ocrx_word' id='word_1_83' title='bbox 1001 1463 1138 1502; x_wconf 74' lang='lat' dir='ltr'>direct</span> <span class='ocrx_word' id='word_1_84' title='bbox 1157 1461 1274 1502; x_wconf 79' lang='lat' dir='ltr'>them</span> <span class='ocrx_word' id='word_1_85' title='bbox 1295 1465 1338 1500; x_wconf 79' lang='lat' dir='ltr'>to</span> <span class='ocrx_word' id='word_1_86' title='bbox 1366 1458 1505 1500; x_wconf 72' lang='lat' dir='ltr'>Crete.</span> 
     </span>
    </p>
   </div>
   <div class='ocr_carea' id='block_1_5' title="bbox 248 1566 1921 2755">
    <p class='ocr_par' dir='ltr' id='par_1_5' title="bbox 248 1566 1921 2755">
     <span class='ocr_line' id='line_1_15' title="bbox 315 1566 1580 1632; baseline -0.006 -14"><span class='ocrx_word' id='word_1_87' title='bbox 315 1569 531 1632; x_wconf 81' lang='lat' dir='ltr'>Templa</span> <span class='ocrx_word' id='word_1_88' title='bbox 556 1567 640 1616; x_wconf 90' lang='lat' dir='ltr'>dei</span> <span class='ocrx_word' id='word_1_89' title='bbox 666 1584 792 1616; x_wconf 85' lang='lat' dir='ltr'>saxo</span> <span class='ocrx_word' id='word_1_90' title='bbox 816 1566 1100 1614; x_wconf 87' lang='lat' dir='ltr'>venerabar</span> <span class='ocrx_word' id='word_1_91' title='bbox 1125 1568 1322 1613; x_wconf 89' lang='lat' dir='ltr'>structa</span> <span class='ocrx_word' id='word_1_92' title='bbox 1344 1566 1580 1611; x_wconf 86' lang='lat' dir='ltr'>vetusto:</span> 
     </span>
     <span class='ocr_line' id='line_1_16' title="bbox 248 1646 1780 1720; baseline -0.007 -14"><span class='ocrx_word' id='word_1_93' title='bbox 248 1659 357 1706; x_wconf 87' lang='lat' dir='ltr'>‘Da</span> <span class='ocrx_word' id='word_1_94' title='bbox 380 1655 657 1720; x_wconf 84' lang='lat' dir='ltr'>propriam,</span> <span class='ocrx_word' id='word_1_95' title='bbox 686 1654 1027 1718; x_wconf 82' lang='lat' dir='ltr'>Thymbraee,</span> <span class='ocrx_word' id='word_1_96' title='bbox 1055 1653 1278 1711; x_wconf 82' lang='lat' dir='ltr'>domum,</span> <span class='ocrx_word' id='word_1_97' title='bbox 1306 1651 1372 1698; x_wconf 87' lang='lat' dir='ltr'>da</span> <span class='ocrx_word' id='word_1_98' title='bbox 1396 1648 1599 1696; x_wconf 87' lang='lat' dir='ltr'>moenia</span> <span class='ocrx_word' id='word_1_99' title='bbox 1621 1646 1780 1696; x_wconf 85' lang='lat' dir='ltr'>fessis</span> 
     </span>
     <span class='ocr_line' id='line_1_17' title="bbox 249 1735 1710 1807; baseline -0.008 -14"><span class='ocrx_word' id='word_1_100' title='bbox 249 1751 300 1793; x_wconf 91' lang='lat' dir='ltr'>et</span> <span class='ocrx_word' id='word_1_101' title='bbox 327 1760 487 1807; x_wconf 83' lang='lat' dir='ltr'>genus</span> <span class='ocrx_word' id='word_1_102' title='bbox 515 1747 564 1791; x_wconf 88' lang='lat' dir='ltr'>et</span> <span class='ocrx_word' id='word_1_103' title='bbox 590 1748 886 1790; x_wconf 88' lang='lat' dir='ltr'>mansuram</span> <span class='ocrx_word' id='word_1_104' title='bbox 912 1741 1089 1788; x_wconf 86' lang='lat' dir='ltr'>urbem</span> <span class='ocrx_word' id='word_1_105' title='bbox 1112 1757 1122 1801; x_wconf 84' lang='lat'><em>3</em></span> <span class='ocrx_word' id='word_1_106' title='bbox 1165 1753 1313 1787; x_wconf 85' lang='lat' dir='ltr'>serva</span> <span class='ocrx_word' id='word_1_107' title='bbox 1338 1736 1503 1785; x_wconf 87' lang='lat' dir='ltr'>altera</span> <span class='ocrx_word' id='word_1_108' title='bbox 1527 1735 1710 1782; x_wconf 82' lang='lat' dir='ltr'>Troiae</span> 
     </span>
     <span class='ocr_line' id='line_1_18' title="bbox 249 1821 1724 1893; baseline -0.007 -13"><span class='ocrx_word' id='word_1_109' title='bbox 249 1834 515 1893; x_wconf 83' lang='lat' dir='ltr'>Pergama,</span> <span class='ocrx_word' id='word_1_110' title='bbox 543 1829 791 1892; x_wconf 82' lang='lat' dir='ltr'>reliquias</span> <span class='ocrx_word' id='word_1_111' title='bbox 819 1830 1060 1876; x_wconf 89' lang='lat' dir='ltr'>Danaum</span> <span class='ocrx_word' id='word_1_112' title='bbox 1085 1832 1240 1889; x_wconf 90' lang='lat' dir='ltr'>atque</span> <span class='ocrx_word' id='word_1_113' title='bbox 1265 1823 1484 1873; x_wconf 86' lang='lat' dir='ltr'>immitis</span> <span class='ocrx_word' id='word_1_114' title='bbox 1511 1821 1724 1869; x_wconf 85' lang='lat' dir='ltr'>Achilli.</span> 
     </span>
     <span class='ocr_line' id='line_1_19' title="bbox 250 1907 1921 1980; baseline -0.008 -13"><span class='ocrx_word' id='word_1_115' title='bbox 250 1920 412 1977; x_wconf 82' lang='lat' dir='ltr'>Quem</span> <span class='ocrx_word' id='word_1_116' title='bbox 440 1917 703 1980; x_wconf 86' lang='lat' dir='ltr'>sequimur</span> <span class='ocrx_word' id='word_1_117' title='bbox 721 1918 746 1964; x_wconf 60' lang='grc' dir='ltr'>ἱ)</span> <span class='ocrx_word' id='word_1_118' title='bbox 818 1916 994 1972; x_wconf 78' lang='lat' dir='ltr'>Quove</span> <span class='ocrx_word' id='word_1_119' title='bbox 1020 1914 1094 1961; x_wconf 85' lang='lat' dir='ltr'>ire</span> <span class='ocrx_word' id='word_1_120' title='bbox 1119 1913 1266 1961; x_wconf 88' lang='lat' dir='ltr'>iubes</span> <span class='ocrx_word' id='word_1_121' title='bbox 1289 1914 1313 1960; x_wconf 71' lang='grc' dir='ltr'>ἱ)</span> <span class='ocrx_word' id='word_1_122' title='bbox 1384 1910 1490 1960; x_wconf 90' lang='lat' dir='ltr'>Ubi</span> <span class='ocrx_word' id='word_1_123' title='bbox 1517 1924 1704 1972; x_wconf 88' lang='lat' dir='ltr'>ponere</span> <span class='ocrx_word' id='word_1_124' title='bbox 1731 1907 1921 1955; x_wconf 86' lang='lat' dir='ltr'>sedes?</span> 
     </span>
     <span class='ocr_line' id='line_1_20' title="bbox 253 1994 1733 2068; baseline -0.008 -14"><span class='ocrx_word' id='word_1_125' title='bbox 253 2008 346 2068; x_wconf 86' lang='lat' dir='ltr'>Da,</span> <span class='ocrx_word' id='word_1_126' title='bbox 374 2009 536 2068; x_wconf 86' lang='lat' dir='ltr'>pater,</span> <span class='ocrx_word' id='word_1_127' title='bbox 564 2003 835 2065; x_wconf 80' lang='lat' dir='ltr'>augurium</span> <span class='ocrx_word' id='word_1_128' title='bbox 863 2007 1019 2065; x_wconf 89' lang='lat' dir='ltr'>atque</span> <span class='ocrx_word' id='word_1_129' title='bbox 1044 1999 1232 2049; x_wconf 88' lang='lat' dir='ltr'>animis</span> <span class='ocrx_word' id='word_1_130' title='bbox 1257 1998 1485 2047; x_wconf 82' lang='lat' dir='ltr'>inlabere</span> <span class='ocrx_word' id='word_1_131' title='bbox 1509 1994 1733 2055; x_wconf 67' lang='lat' dir='ltr'>nostris!</span> 
     </span>
     <span class='ocr_line' id='line_1_21' title="bbox 251 2085 1638 2147; baseline -0.009 -5"><span class='ocrx_word' id='word_1_132' title='bbox 251 2095 356 2143; x_wconf 78' lang='lat' dir='ltr'>Vix</span> <span class='ocrx_word' id='word_1_133' title='bbox 381 2109 441 2141; x_wconf 88' lang='lat' dir='ltr'>ea</span> <span class='ocrx_word' id='word_1_134' title='bbox 464 2092 606 2139; x_wconf 86' lang='lat' dir='ltr'>fatus</span> <span class='ocrx_word' id='word_1_135' title='bbox 633 2106 794 2138; x_wconf 88' lang='lat' dir='ltr'>eram:</span> <span class='ocrx_word' id='word_1_136' title='bbox 832 2095 1052 2138; x_wconf 88' lang='lat' dir='ltr'>tremere</span> <span class='ocrx_word' id='word_1_137' title='bbox 1078 2086 1252 2135; x_wconf 91' lang='lat' dir='ltr'>omnia</span> <span class='ocrx_word' id='word_1_138' title='bbox 1275 2085 1388 2134; x_wconf 87' lang='lat' dir='ltr'>visa</span> <span class='ocrx_word' id='word_1_139' title='bbox 1411 2087 1638 2147; x_wconf 91' lang='lat' dir='ltr'>repente,</span> 
     </span>
     <span class='ocr_line' id='line_1_22' title="bbox 253 2171 1488 2242; baseline -0.007 -14"><span class='ocrx_word' id='word_1_140' title='bbox 253 2177 564 2242; x_wconf 81' lang='lat' dir='ltr'>liminaque2</span> <span class='ocrx_word' id='word_1_141' title='bbox 587 2179 867 2240; x_wconf 87' lang='lat' dir='ltr'>laurusque</span> <span class='ocrx_word' id='word_1_142' title='bbox 895 2176 994 2236; x_wconf 91' lang='lat' dir='ltr'>dei,</span> <span class='ocrx_word' id='word_1_143' title='bbox 1022 2181 1267 2237; x_wconf 86' lang='lat' dir='ltr'>totusque</span> <span class='ocrx_word' id='word_1_144' title='bbox 1293 2171 1488 2220; x_wconf 86' lang='lat' dir='ltr'>moveri</span> 
     </span>
     <span class='ocr_line' id='line_1_23' title="bbox 255 2256 1595 2328; baseline -0.007 -13"><span class='ocrx_word' id='word_1_145' title='bbox 255 2284 400 2316; x_wconf 85' lang='lat' dir='ltr'>mons</span> <span class='ocrx_word' id='word_1_146' title='bbox 426 2268 617 2316; x_wconf 86' lang='lat' dir='ltr'>circum</span> <span class='ocrx_word' id='word_1_147' title='bbox 639 2274 691 2314; x_wconf 91' lang='lat' dir='ltr'>et</span> <span class='ocrx_word' id='word_1_148' title='bbox 716 2264 915 2326; x_wconf 84' lang='lat' dir='ltr'>mugire</span> <span class='ocrx_word' id='word_1_149' title='bbox 942 2264 1117 2328; x_wconf 83' lang='lat' dir='ltr'>adytis</span> <span class='ocrx_word' id='word_1_150' title='bbox 1143 2261 1338 2310; x_wconf 84' lang='lat' dir='ltr'>cortina</span> <span class='ocrx_word' id='word_1_151' title='bbox 1365 2256 1595 2307; x_wconf 80' lang='lat' dir='ltr'>reclusis.</span> 
     </span>
     <span class='ocr_line' id='line_1_24' title="bbox 258 2343 1702 2417; baseline -0.007 -14"><span class='ocrx_word' id='word_1_152' title='bbox 258 2355 531 2403; x_wconf 80' lang='lat' dir='ltr'>Suminissi</span> <span class='ocrx_word' id='word_1_153' title='bbox 557 2354 784 2417; x_wconf 84' lang='lat' dir='ltr'>petimus</span> <span class='ocrx_word' id='word_1_154' title='bbox 811 2359 1019 2412; x_wconf 83' lang='lat' dir='ltr'>terrain,</span> <span class='ocrx_word' id='word_1_155' title='bbox 1045 2355 1097 2399; x_wconf 89' lang='lat' dir='ltr'>et</span> <span class='ocrx_word' id='word_1_156' title='bbox 1125 2366 1222 2397; x_wconf 84' lang='lat' dir='ltr'>vox</span> <span class='ocrx_word' id='word_1_157' title='bbox 1248 2349 1415 2396; x_wconf 83' lang='lat' dir='ltr'>fertur</span> <span class='ocrx_word' id='word_1_158' title='bbox 1440 2346 1505 2394; x_wconf 86' lang='lat' dir='ltr'>ad</span> <span class='ocrx_word' id='word_1_159' title='bbox 1529 2343 1702 2393; x_wconf 81' lang='lat' dir='ltr'>auris=</span> 
     </span>
     <span class='ocr_line' id='line_1_25' title="bbox 258 2437 1770 2503; baseline -0.009 -13"><span class='ocrx_word' id='word_1_160' title='bbox 258 2442 617 2490; x_wconf 82' lang='lat' dir='ltr'>‘Dardanidae</span> <span class='ocrx_word' id='word_1_161' title='bbox 644 2440 775 2502; x_wconf 83' lang='lat' dir='ltr'>duri,</span> <span class='ocrx_word' id='word_1_162' title='bbox 803 2456 934 2503; x_wconf 89' lang='lat' dir='ltr'>quae</span> <span class='ocrx_word' id='word_1_163' title='bbox 959 2455 1051 2487; x_wconf 90' lang='lat' dir='ltr'>vos</span> <span class='ocrx_word' id='word_1_164' title='bbox 1077 2454 1108 2486; x_wconf 88' lang='lat' dir='ltr'>a</span> <span class='ocrx_word' id='word_1_165' title='bbox 1132 2437 1293 2499; x_wconf 86' lang='lat' dir='ltr'>stirpe</span> <span class='ocrx_word' id='word_1_166' title='bbox 1318 2437 1590 2498; x_wconf 85' lang='lat' dir='ltr'>parentum</span> <span class='ocrx_word' id='word_1_167' title='bbox 1733 2440 1770 2462; x_wconf 74' lang='lat' dir='ltr'><strong><em>s</em></strong></span> 
     </span>
     <span class='ocr_line' id='line_1_26' title="bbox 257 2522 1438 2594; baseline -0.007 -18"><span class='ocrx_word' id='word_1_168' title='bbox 257 2529 426 2594; x_wconf 89' lang='lat' dir='ltr'>prima</span> <span class='ocrx_word' id='word_1_169' title='bbox 450 2528 575 2576; x_wconf 86' lang='lat' dir='ltr'>tulit</span> <span class='ocrx_word' id='word_1_170' title='bbox 599 2528 773 2589; x_wconf 83' lang='lat' dir='ltr'>tellus,</span> <span class='ocrx_word' id='word_1_171' title='bbox 801 2527 978 2575; x_wconf 84' lang='lat' dir='ltr'>eadem</span> <span class='ocrx_word' id='word_1_172' title='bbox 1003 2542 1095 2573; x_wconf 89' lang='lat' dir='ltr'>vos</span> <span class='ocrx_word' id='word_1_173' title='bbox 1123 2525 1276 2572; x_wconf 89' lang='lat' dir='ltr'>ubere</span> <span class='ocrx_word' id='word_1_174' title='bbox 1302 2522 1438 2570; x_wconf 83' lang='lat' dir='ltr'>laeto</span> 
     </span>
     <span class='ocr_line' id='line_1_27' title="bbox 258 2609 1630 2679; baseline -0.008 -14"><span class='ocrx_word' id='word_1_175' title='bbox 258 2616 478 2679; x_wconf 88' lang='lat' dir='ltr'>accipiet</span> <span class='ocrx_word' id='word_1_176' title='bbox 501 2617 729 2663; x_wconf 89' lang='lat' dir='ltr'>reduces.</span> <span class='ocrx_word' id='word_1_177' title='bbox 802 2614 1086 2675; x_wconf 83' lang='lat' dir='ltr'>Antiquam</span> <span class='ocrx_word' id='word_1_178' title='bbox 1115 2609 1372 2672; x_wconf 83' lang='lat' dir='ltr'>exquirite</span> <span class='ocrx_word' id='word_1_179' title='bbox 1398 2612 1630 2670; x_wconf 86' lang='lat' dir='ltr'>matrem.</span> 
     </span>
     <span class='ocr_line' id='line_1_28' title="bbox 259 2694 1544 2755; baseline -0.007 -3"><span class='ocrx_word' id='word_1_180' title='bbox 259 2704 362 2752; x_wconf 91' lang='lat' dir='ltr'>Hic</span> <span class='ocrx_word' id='word_1_181' title='bbox 388 2704 569 2751; x_wconf 85' lang='lat' dir='ltr'>domus</span> <span class='ocrx_word' id='word_1_182' title='bbox 597 2703 800 2749; x_wconf 81' lang='lat' dir='ltr'>Aeneae</span> <span class='ocrx_word' id='word_1_183' title='bbox 826 2700 1024 2748; x_wconf 87' lang='lat' dir='ltr'>cunctis</span> <span class='ocrx_word' id='word_1_184' title='bbox 1051 2697 1402 2745; x_wconf 87' lang='lat' dir='ltr'>dominabitur</span> <span class='ocrx_word' id='word_1_185' title='bbox 1426 2694 1544 2755; x_wconf 88' lang='lat' dir='ltr'>oris,</span> 
     </span>
    </p>
   </div>
   <div class='ocr_carea' id='block_1_6' title="bbox 356 2806 1903 2862">
    <p class='ocr_par' dir='ltr' id='par_1_6' title="bbox 356 2806 1903 2862">
     <span class='ocr_line' id='line_1_29' title="bbox 356 2806 1903 2862; baseline -0.008 -6"><span class='ocrx_word' id='word_1_186' title='bbox 356 2820 391 2856; x_wconf 95' lang='lat'>1.</span> <span class='ocrx_word' id='word_1_187' title='bbox 426 2819 559 2856; x_wconf 76' lang='lat' dir='ltr'>matri</span> <span class='ocrx_word' id='word_1_188' title='bbox 579 2815 586 2862; x_wconf 92' lang='grc'>1</span> <span class='ocrx_word' id='word_1_189' title='bbox 609 2821 647 2855; x_wconf 76' lang='lat' dir='ltr'>ec</span> <span class='ocrx_word' id='word_1_190' title='bbox 666 2816 866 2862; x_wconf 73' lang='grc' dir='ltr'>Νεριιιηό</span> <span class='ocrx_word' id='word_1_191' title='bbox 889 2813 895 2861; x_wconf 87' lang='lat' dir='ltr'>l</span> <span class='ocrx_word' id='word_1_192' title='bbox 919 2814 1084 2859; x_wconf 64' lang='grc' dir='ltr'><em>Αρῃαρο</em></span> <span class='ocrx_word' id='word_1_193' title='bbox 1099 2822 1112 2849; x_wconf 93' lang='grc'>.·</span> <span class='ocrx_word' id='word_1_194' title='bbox 1141 2812 1299 2849; x_wconf 80' lang='lat' dir='ltr'>hiatus.</span> <span class='ocrx_word' id='word_1_195' title='bbox 1577 2808 1614 2845; x_wconf 90' lang='lat'>2.</span> <span class='ocrx_word' id='word_1_196' title='bbox 1652 2806 1903 2854; x_wconf 67' lang='lat' dir='ltr'>liminaqzoe.</span> 
     </span>
    </p>
   </div>
   <div class='ocr_carea' id='block_1_7' title="bbox 1948 566 2055 640">
    <p class='ocr_par' dir='ltr' id='par_1_7' title="bbox 1948 566 2055 640">
     <span class='ocr_line' id='line_1_30' title="bbox 1948 566 2055 640; baseline -0.028 0"><span class='ocrx_word' id='word_1_197' title='bbox 1948 566 2055 640; x_wconf 41' lang='lat'>75¹</span> 
     </span>
    </p>
   </div>
  </div>
 </body>
</html>
