2148 3204
703 123 1011 163 AENEIDOS
1050 123 1171 160 LIB.
1215 121 1278 161 V.

124 321 212 363 The
232 332 383 372 yames
402 331 459 360 on
481 319 551 359 the
574 317 702 358 nintlz,
724 317 822 366 day.

161 425 499 486 'Exspectata
518 421 628 468 dies
654 420 847 480 aderat,
873 433 1164 480 nonamque
1190 431 1371 465 serena

118 511 373 558 Auroram
399 507 745 555 Phaethontis
773 506 890 568 equi
917 504 1020 553 iam
1045 504 1158 551 luee
1185 502 1460 563 vehebant,

118 598 360 659 famaque
387 595 637 642 finitimos
664 598 716 641 et
740 593 867 641 olari
899 607 1087 639 nomen
1113 591 1334 662 Acestae

119 685 375 744 excierat3
414 683 551 730 laeto
577 680 906 743 complebant
930 680 1087 727 litora
1113 683 1276 738 coetu,

118 772 285 820 visuri
318 770 605 829 Aeneadas,
633 784 752 832 pars
779 773 830 815 et
857 772 1051 815 certare
1077 765 1259 829 parati.

120 861 341 906 Munera
359 848 617 920 principio
643 861 762 903 ante
790 855 962 902 oeulos
987 838 1227 916 eireoqiie
1253 853 1490 901 locantur

121 946 175 993 in
196 945 379 1006 medio,
408 943 538 993 sacri
564 943 796 1006 tripodes
823 942 1120 1003 viridesque
1148 956 1362 987 coronae

122 1039 173 1081 et
198 1033 414 1095 palmae,
442 1030 668 1094 pretium
692 1029 993 1088 victoribus,
1022 1016 1264 1090 armaque
1291 1033 1341 1075 et
1366 1031 1506 1075 ostro

122 1121 363 1184 perfusae
388 1124 573 1178 vestes,
600 1117 802 1178 argenti
828 1116 1040 1178 aurique
1061 1108 1287 1176 talenta,

123 1213 175 1255 et
199 1207 325 1255 tuba
344 1205 642 1254 commissos
668 1204 840 1251 medio
865 1198 1005 1251 eanit
1030 1217 1213 1264 aggere
1238 1201 1403 1250 ludos.

133 1376 220 1417 The
242 1377 519 1426 competitore
538 1376 587 1414 in
609 1374 678 1414 the
702 1374 804 1419 boat
824 1384 938 1413 mee.

192 1479 369 1526 Prima
393 1493 540 1541 pares
565 1477 748 1524 ineunt
775 1475 1020 1538 gravibus
1047 1474 1330 1522 certamina
1354 1473 1509 1522 remis

128 1571 373 1629 quattuor
400 1581 462 1612 ex
487 1564 627 1611 omni
652 1564 880 1611 deleetae
906 1562 1069 1610 classe
1096 1562 1313 1609 carinae.

130 1653 368 1702 Velocem
395 1652 700 1699 Mnestheus
727 1651 835 1711 agit
862 1651 968 1698 aeri
987 1649 1178 1711 remige
1204 1648 1436 1708 Pristim,

129 1757 249 1788 mox
274 1739 442 1787 Italus
468 1738 790 1798 Mnestheus,
811 1753 973 1798 genus
999 1752 1029 1784 a
1057 1752 1157 1798 quo
1182 1735 1387 1783 nomine
1413 1733 1644 1795 Memmi,

129 1827 496 1888 ingentemque
523 1826 665 1888 Gyas
690 1824 891 1885 ingenti
918 1823 1050 1871 mole
1077 1823 1418 1882 Chimaeram,

131 1915 273 1963 urbis
299 1929 441 1976 opus,
468 1912 667 1975 triplici
692 1913 855 1975 pubes
886 1927 1041 1973 quam
1067 1911 1312 1958 Dardana
1338 1925 1490 1957 versu

131 2001 434 2064 impellunt,
445 2005 593 2048 terno
618 2006 934 2059 consurgunt
971 1998 1150 2046 ordine
1177 1997 1326 2058 remi3

135 2090 522 2150 Sergestusque,
550 2087 730 2134 domus
755 2091 899 2134 tenet
924 2101 955 2133 a
979 2101 1079 2147 quo
1108 2085 1286 2146 Sergia
1309 2099 1510 2145 nomen,

135 2176 392 2224 Centauro
417 2173 681 2221 invehitur
705 2188 906 2233 magna,
937 2172 1212 2235 Seyllaque
1241 2171 1527 2220 Cloanthus

135 2262 383 2323 caerulea,
411 2277 570 2324 genus
598 2261 733 2308 unde
758 2260 873 2321 tibi,
900 2261 1134 2307 Romane
1160 2257 1385 2308 Cluenti.

145 2432 261 2482 They
282 2436 394 2472 svart
414 2431 536 2471 amiel
555 2430 660 2470 wild
680 2430 966 2470 enthusiasm.

203 2535 301 2595 Est
323 2532 502 2596 procul
528 2532 584 2579 in
607 2532 790 2595 pelago
818 2547 1000 2579 saxum
1026 2529 1322 2594 spumantia
1347 2533 1528 2578 contra

138 2621 308 2681 litora,
336 2621 471 2682 quod
497 2619 715 2667 tumidis
746 2620 1070 2667 submersum
1094 2618 1333 2665 tunditur
1360 2617 1483 2664 olim

139 2708 394 2768 fluctibus,
420 2707 626 2755 hiberni
650 2707 879 2753 condunt
901 2705 992 2753 ubi
1018 2705 1187 2753 sidera
1212 2703 1356 2764 Cori3

139 2793 425 2857 tranquillo
449 2793 571 2842 silet
594 2793 912 2854 immotaque
937 2791 1198 2839 attollitur
1223 2790 1362 2838 unda.

1759 106 1864 158 119

1798 510 1867 547 105

1802 938 1872 976 110

1808 1570 1878 1606 115

1809 2005 1880 2042 120
