2148 3204
680 131 986 170 AENEIDos
1025 130 1146 166 ΜΒ.
1192 129 1252 165 V.
1739 109 1839 160 131

99 274 372 340 (sanguine
397 272 564 321 cernis
590 271 758 319 adhuc
784 283 1065 332 sparsoque
1089 267 1288 314 infecta
1311 264 1516 312 cerebro
1531 263 1565 325 3)

96 363 180 411 his
206 378 449 423 magnum
475 359 696 406 Alciden
721 363 900 404 contra
925 355 1098 416 stetit;
1126 354 1208 401 his
1235 368 1328 413 ego
1350 355 1547 410 suetus,

98 451 219 498 dum
246 445 580 496 melior.viris
607 444 816 505 sanguis
844 443 1015 502 (131031,
1041 439 1245 489 301111113
1269 438 1487 486 necdum
1779 444 1848 479 415

97 535 417 598 temporibus
443 533 662 595 geminis
689 531 904 578 canebat
931 544 1112 592 sparsa
1137 531 1386 575 senectus.

101 625 204 672 Sed
229 623 273 671 si
298 627 478 670 nostra
500 622 664 667 Dares
690 618 816 666 haec
844 619 1028 664 Troius
1054 631 1197 663 arma
1220 616 1439 672 recusat,

100 712 258 773 idque
282 709 368 773 pio
394 709 538 756 sedet
563 707 786 765 Aeneae,
814 704 998 767 probat
1023 707 1199 750 auctor
1224 701 1460 758 Acestes,

102 813 379 861 aequemus
404 811 622 859 pugnas.
696 792 882 855 Erycis
907 791 1006 838 tibi
1030 795 1176 850 terga
1198 787 1408 836 remitto

106 885 270 949 (solve
297 884 507 948 metus),
535 890 586 929 et
611 887 669 928 tu
695 879 946 926 Troianos
972 893 1101 924 exue
1128 874 1363 924 caestus.
1784 880 1855 916 420

105 973 249 1020 Haec
275 972 416 1018 fatus
443 969 700 1032 duplicem
729 983 793 1013 ex
818 965 1011 1012 umeris
1037 963 1218 1011 reiecit
1244 962 1507 1020 amictum7

105 1065 156 1108 et
183 1074 394 1120 magnos
420 1056 767 1103 membrorum
794 1057 954 1112 artus,
983 1066 1170 1111 magna
1195 1065 1312 1097 ossa
1337 1042 1695 1108 lacertosque1

106 1146 253 1194 exuit
277 1150 433 1207 atque
458 1143 640 1203 ingens
665 1140 838 1188 media
862 1137 1103 1186 consistit
1127 1137 1335 1184 harena.

119 1315 206 1355 The
219 1315 334 1365 fiqht
356 1313 520 1363 beqins.

178 1412 309 1456 Tum
337 1413 477 1456 satus
504 1405 737 1453 Anchisa
761 1408 965 1452 caestus
991 1406 1139 1465 pater
1165 1398 1356 1448 extulit
1382 1412 1572 1459 aequos

112 1503 164 1545 et
190 1496 399 1560 paribus
424 1493 623 1557 palmas
651 1493 914 1539 amborum
940 1488 1179 1536 innexuit
1204 1485 1376 1534 armis.
1794 1492 1864 1527 425

115 1583 367 1634 Constitit
392 1582 448 1628 in
473 1567 664 1640 digitos
692 1576 953 1639 extemplo
980 1579 1210 1623 arrectus
1244 1578 1462 1634 uterque

115 1669 456 1731 bracchiaque
482 1667 547 1715 ad
573 1681 784 1729 superas
811 1662 1080 1711 interritus
1107 1639 1298 1708 extulit
1323 1675 1488 1707 auras.

116 1758 394 1806 Abduxere
419 1759 558 1802 retro
582 1753 734 1814 longe
760 1751 934 1814 capita
958 1749 1120 1797 ardua
1145 1748 1207 1795 ab
1233 1747 1342 1794 ictu

117 1845 514 1904 immiscentque
542 1856 724 1888 manus
750 1838 990 1885 manibus
1017 1849 1347 1898 pugnamque
1373 1833 1666 1880 lacessunt:

119 1933 209 1981 1110
234 1931 425 1998 pedum
452 1928 633 1976 melior
659 1932 802 1974 motu
827 1925 1096 1985 fretusque
1128 1922 1356 1981 iuventa,
1752 1958 1755 1960 .
1799 1925 1871 1961 430

121 2020 207 2067 hic
233 2016 475 2065 membris
501 2020 553 2063 et
578 2014 711 2061 mole
736 2012 942 2071 valens3
973 2010 1061 2057 sed
1086 2009 1237 2056 tarda
1261 2005 1504 2055 trementi

125 2104 323 2168 genua²
345 2105 538 2163 labant,
564 2106 739 2150 vastos
765 2099 937 2161 quatit
962 2113 1112 2158 aeger
1138 2095 1399 2144 anhelitus
1425 2098 1587 2141 artus.

125 2193 297 2241 Multa
321 2191 420 2238 viri
443 2188 760 2252 nequiquam
785 2187 922 2233 inter
949 2200 1001 2233 se
1027 2183 1240 2231 volnera
1264 2182 1477 2241 iactant,

127 2280 293 2327 11111113
314 2294 440 2327 cavo
463 2275 615 2324 lateri
640 2273 964 2335 ingeminant
988 2275 1042 2318 et
1067 2275 1275 2333 pectora
1299 2273 1473 2316 vastos

129 2368 256 2415 dant
283 2364 497 2424 sonitus,
524 2367 763 2424 erratque
790 2359 929 2408 auris
955 2363 1007 2405 et
1032 2363 1265 2420 tempora
1289 2355 1481 2403 circum
1805 2360 1875 2397 435

129 2454 308 2502 crebra
331 2467 529 2511 manus,
556 2450 684 2497 duro
709 2447 967 2510 crepitant
994 2445 1088 2492 sub
1112 2444 1320 2495 volnere
1346 2441 1528 2490 malae.

134 2541 249 2588 Stat
274 2538 447 2601 gravis
473 2536 716 2584 Entellus
742 2535 961 2595 nisuque
988 2532 1233 2578 immotus
1260 2529 1451 2589 eodem,

134 2641 343 2689 corpore
366 2623 473 2673 tela
498 2624 645 2670 modo
672 2627 827 2684 atque
852 2620 1015 2668 oculis
1042 2616 1382 2678 vigilantibus
1411 2614 1535 2663 exit.

542 2752 578 2788 1.
616 2751 871 2796 lacertosque
887 2760 900 2786 .·
927 2749 1032 2785 with
1050 2757 1146 2793 -que
1165 2743 1466 2791 hypermetric.

543 2814 579 2850 2.
612 2821 780 2859 yenua:
806 2811 913 2848 with
930 2820 960 2846 u
977 2806 1271 2846 consonantal.
