2148 3204
242 94 309 146 62
602 102 615 113 ·
774 111 828 149 P.
875 111 1134 150 VERGILI
1172 111 1455 151 MARONIS

239 315 386 356 Blood
406 315 675 368 d2·0psfrom
697 318 853 366 myrtle
874 316 1035 357 shoots.

306 418 461 467 Sacra
486 418 747 466 Dionaeae
774 419 930 466 matri
959 418 1198 482 divisque
1224 420 1455 469 ferebam

237 505 533 569 auspicibus
561 511 860 569 coeptorum
892 522 1106 569 operum
1133 522 1422 570 superoque
1447 508 1702 558 nitentem

236 593 538 642 caelicolum
562 594 671 655 regi
697 594 985 641 mactabam
1013 593 1065 640 in
1094 593 1246 641 litore
1273 599 1495 644 taurum.

235 682 390 730 Forte
415 681 520 729 fuit
544 681 692 729 iuxta
718 681 966 742 tumulus,
996 697 1097 744 quo
1124 697 1309 730 cornea
1333 699 1533 732 summo

235 768 465 830 virgulta
490 773 541 817 et
567 769 742 817 densis
769 768 1051 817 hastilibus
1078 768 1290 818 horrida
1319 776 1536 834 myrtus.

234 856 463 918 Accessi,
490 856 815 919 viridemque
843 857 907 905 ab
932 857 1090 904 humo
1117 857 1405 906 convellere
1432 858 1612 907 silvam

233 950 461 1005 conatus,
489 944 647 993 ramis
673 949 897 1006 tegerem
924 949 985 992 ut
1010 945 1376 994 frondentibus
1402 962 1532 1008 aras,

232 1031 548 1079 horrendum
573 1037 625 1080 et
651 1032 795 1080 dictu
821 1031 972 1080 video
997 1032 1236 1081 mirabile
1262 1038 1563 1083 monstrum.
1628 1044 1632 1049 '

230 1119 365 1167 Nam
395 1135 526 1182 quae
551 1119 719 1183 prima
744 1118 853 1168 solo
878 1119 1048 1182 ruptis
1075 1120 1336 1169 radicibus
1361 1108 1522 1170 arbos
1538 1109 1562 1112 ‘

232 1206 458 1268 vellitur,
484 1207 605 1255 huic
633 1212 744 1255 atro
771 1207 1046 1270 liquuntur
1074 1207 1325 1269 sanguine
1351 1198 1527 1270 guttae

232 1299 284 1342 et
307 1300 498 1342 terram
523 1296 645 1343 tabo
671 1295 950 1343 maculant.
1023 1295 1159 1343 Mihi
1185 1296 1409 1359 frigidus
1435 1295 1615 1345 horror

231 1382 461 1430 membra
485 1383 671 1445 quatit,
694 1364 1002 1446 gelidusque
1027 1385 1131 1432 coit
1155 1384 1435 1432 formidine
1462 1384 1687 1447 sanguis.

231 1470 431 1518 Rursus
458 1476 510 1517 et
535 1470 751 1519 alterius
778 1469 978 1519 lentum
1007 1472 1295 1519 convellere
1319 1471 1495 1519 vimen

229 1556 474 1619 insequor
499 1562 551 1605 et
575 1573 754 1606 causas
782 1559 992 1621 penitus
1019 1564 1275 1622 temptare
1302 1557 1515 1607 latentis
1528 1577 1543 1620 3

230 1650 340 1692 ater
365 1649 416 1692 et
441 1644 654 1693 alterius
681 1646 918 1708 sequitur
945 1647 1008 1693 de
1034 1647 1223 1694 cortice
1251 1647 1477 1709 sanguis.

230 1731 402 1780 Multa
429 1748 638 1780 movens
664 1732 838 1781 animo
862 1734 1142 1797 Nymphas
1170 1735 1449 1782 venerabar
1474 1734 1694 1795 agrestis

231 1819 621 1882 Gradivumque
647 1825 863 1883 patrem,
893 1821 1093 1869 Geticis
1120 1820 1211 1884 qui
1236 1820 1498 1885 praesidet
1528 1821 1686 1884 arvis,

229 1905 327 1954 rite
355 1907 696 1955 secundarent
721 1907 864 1956 visus
891 1924 1143 1971 omenque
1168 1908 1418 1965 levarent.

231 1993 408 2041 Tertia
434 1993 523 2041 sed
550 1999 823 2057 postquam
849 1995 1042 2043 maiore
1068 1995 1282 2044 hastilia
1305 1996 1426 2045 nisu

229 2080 503 2141 adgredior
528 2082 849 2144 genibusque
875 2083 1124 2131 adversae
1151 2084 1384 2131 obluctor
1409 2083 1633 2132 harenae

237 2168 487 2231 (eloquar,
515 2184 581 2216 an
608 2169 786 2217 sileam
807 2172 873 2236 52),
901 2171 1123 2231 gemitus
1150 2170 1489 2219 lacrimabilis
1513 2171 1617 2218 imo

229 2255 439 2303 auditur
464 2256 679 2317 tumulo,
708 2262 759 2304 et
785 2273 885 2305 vox
909 2258 1115 2306 reddita
1139 2258 1307 2306 fertur
1332 2258 1396 2306 ad
1422 2258 1559 2306 auris
1580 2276 1591 2306 :

230 2347 244 2371 ‘
260 2341 395 2400 Quid
423 2341 681 2404 miserum,
710 2344 901 2405 Aenea,
930 2345 1125 2393 laceras
1148 2347 1173 2394 ?
1243 2346 1356 2393 Iam
1382 2360 1533 2409 parce
1560 2335 1780 2408 sepulto,

229 2446 379 2494 parce
402 2429 513 2492 pias
541 2430 787 2479 scelerare
814 2448 1012 2480 manus.
1084 2433 1205 2480 Non
1230 2449 1311 2480 me
1338 2431 1435 2480 tibi
1462 2430 1615 2480 Troia

230 2522 498 2565 externum
525 2519 665 2577 tulit,
693 2524 783 2566 aut
808 2535 957 2566 cruor
981 2520 1066 2567 hic
1091 2520 1154 2567 de
1181 2519 1360 2582 stipite
1386 2524 1578 2568 manat.

231 2605 375 2651 Heu!
415 2605 537 2666 fuge
564 2605 786 2652 crudelis
814 2611 994 2667 terras,
1022 2608 1146 2667 fuge
1171 2606 1296 2654 litus
1324 2622 1553 2654 avarum.

229 2692 364 2739 Nam
386 2690 675 2754 Polydorus
702 2708 811 2752 eg0.
885 2693 987 2739 Hic
1013 2693 1275 2740 confixum
1302 2694 1470 2740 ferrea
1493 2691 1629 2742 texit

229 2777 448 2826 telorum
475 2793 619 2839 seges
646 2782 696 2825 et
723 2777 903 2826 iaculis
930 2778 1151 2827 increvit
1177 2778 1380 2829 acutis)
