2148 3204
2 3152 39 3204 ᾗῇ
10 3123 29 3149 Ῑτ,
12 3111 21 3118 ⁷.

723 132 1030 172 AENEIDOS
1070 132 1188 168 LIB.
1235 130 1294 167 V.

141 294 344 328 annuus
372 275 565 325 exactis
592 273 880 337 completur
906 270 1171 319 mensibus
1199 267 1352 327 orbis,

139 383 203 414 ex
229 381 330 428 quo
356 363 603 426 reliquias
631 361 901 422 divinique
935 374 1052 406 ossa
1076 355 1308 420 parentis

141 451 466 500 condidimus
492 456 632 497 terra
656 452 984 508 maestasque
1012 443 1328 493 sacravimus
1356 456 1484 489 aras.

142 541 355 601 Iamque
382 538 508 597 dies,
535 536 640 583 nisi
665 535 836 595 fallor,
864 535 1024 592 adest,
1055 547 1206 594 quem
1237 544 1437 591 semper
1462 525 1717 585 acerbum,

143 642 344 688 semper
371 625 679 673 honoratum
708 623 804 687 (sic
830 622 886 669 di
910 619 1176 684 voluistis)
1201 616 1414 665 habebo.

144 715 300 761 Hunc
327 729 418 774 ego
446 710 682 760 Gaetulis
706 725 909 771 agerem
937 708 981 756 si
1009 706 1251 771 Syrtibus
1278 702 1425 751 exsul

143 801 452 863 Argolicove
477 798 609 846 mari
635 799 920 860 deprensus
947 801 998 843 et
1023 795 1148 842 urbe
1174 794 1442 855 Mycenae,

144 905 316 937 annua
339 892 462 934 vota
486 891 660 933 tamen
688 883 1056 945 sollemnisque
1084 881 1262 929 ordine
1288 892 1503 941 pompas

144 990 451 1037 exsequerer
478 978 830 1034 strueremque
858 971 964 1018 suis
991 968 1177 1017 altaria
1202 966 1365 1014 donis.

143 1064 296 1110 Nunc
321 1062 461 1109 ultro
487 1061 551 1108 ad
578 1061 774 1107 cineres
800 1058 965 1121 ipsius
993 1062 1044 1104 et
1069 1071 1187 1104 ossa
1210 1051 1442 1117 parentis

144 1150 307 1215 (haud
332 1148 571 1211 equidem
599 1147 708 1194 sine
735 1150 908 1193 mente
933 1160 1060 1204 reor,
1090 1142 1201 1191 sine
1228 1140 1440 1188 numine
1466 1137 1670 1203 divum)

146 1238 392 1285 adsumus
419 1240 470 1283 et
490 1239 669 1298 portus
697 1233 858 1281 delati
884 1232 1140 1279 intramus
1167 1229 1373 1277 amicos.

145 1326 283 1385 Ergo
309 1324 446 1385 agite
468 1328 519 1369 et
546 1322 740 1369 laetum
767 1319 939 1368 cuncti
967 1319 1282 1366 celebremus
1308 1315 1581 1374 honorem3

147 1396 420 1475 poscamus
437 1415 635 1469 ventos,
657 1413 811 1471 atque
838 1408 964 1454 haec
988 1421 1070 1453 me
1093 1420 1236 1453 sacra
1257 1400 1535 1466 quotannis

147 1499 272 1546 urbe
298 1497 428 1545 velit
452 1496 624 1559 posita
648 1491 860 1558 templis
889 1494 988 1541 sibi
1012 1493 1150 1540 ferre
1177 1490 1380 1538 dicatis.

149 1586 286 1633 Bina
308 1586 465 1633 boum
488 1583 635 1631 vobis
663 1583 818 1629 Troia
843 1586 1118 1642 generatus
1146 1579 1360 1626 Acestes

150 1674 239 1721 dat
263 1688 475 1719 numero
501 1671 674 1733 capita
698 1669 754 1716 in
778 1669 928 1716 navis
950 1687 960 1730 3
1000 1667 1243 1716 adhibete
1269 1664 1482 1712 Penatis

150 1765 202 1808 et
226 1760 423 1823 patrios
450 1758 618 1821 epulis
645 1763 697 1805 et
723 1773 851 1819 quos
878 1755 1002 1803 colit
1028 1755 1214 1817 hospes
1245 1754 1473 1800 Acestes.

149 1849 439 1907 Praeterea,
468 1845 512 1894 si
531 1861 668 1893 nona
695 1845 829 1892 diem
859 1843 1164 1890 mortalibus
1192 1841 1389 1889 almum

150 1935 354 1982 Aurora
377 1932 624 1981 extulerit
649 1932 914 1994 radiisque
940 1929 1189 1977 retexerit
1217 1928 1405 1988 orbem,

151 2021 322 2085 prima
345 2021 475 2068 citae
503 2019 715 2068 Teucris
743 2035 929 2081 ponam
957 2016 1242 2065 certamina
1267 2014 1476 2075 classis3

153 2109 344 2172 quique
370 2108 559 2170 pedum
586 2123 740 2154 cursu
765 2106 905 2153 valet
930 2110 982 2153 et
1008 2104 1097 2167 qui
1123 2103 1320 2150 viribus
1346 2101 1517 2149 audax

153 2200 245 2244 aut
269 2194 436 2242 iaculo
461 2194 657 2241 incedit
682 2193 863 2241 melior
887 2192 1195 2253 levibusque
1223 2187 1444 2249 sagittis,

155 2298 244 2330 seu
269 2282 427 2329 crudo
455 2281 573 2328 fidit
597 2296 824 2344 pugnam
852 2279 1172 2327 committere
1200 2281 1390 2335 caestU,

155 2367 329 2416 cuncti
353 2367 528 2415 adsint
554 2367 868 2429 meritaeque
896 2368 1197 2429 exspectent
1224 2362 1453 2425 praemia
1476 2361 1694 2425 palmae.

157 2455 259 2504 Ore
281 2455 456 2502 favete
481 2469 656 2502 omnes
683 2460 734 2501 et
759 2452 951 2515 cingite
976 2459 1210 2514 tempora
1234 2450 1420 2498 ramis.’

157 2623 334 2664 Aeneas
353 2623 567 2672 sacrifices
588 2628 633 2663 αι
653 2623 722 2662 the
743 2623 860 2662 romb
883 2622 938 2672 of
950 2622 1176 2661 Anchises.
1231 2619 1273 2659 A
1286 2620 1444 2669 J'oyous
1465 2629 1604 2658 omen.

228 2718 310 2766 Sic
337 2718 479 2765 fatus
505 2718 645 2765 velat
670 2723 907 2764 materna
937 2721 1170 2778 tempora
1197 2719 1381 2777 myrto.

161 2805 276 2853 Hoc
300 2804 560 2868 Helymus
584 2803 728 2864 facit,
755 2803 850 2850 hoc
876 2803 990 2850 aevi
1015 2807 1247 2848 maturus
1272 2801 1504 2861 Acestes,

1785 109 1882 162 117

1845 621 1892 657 50

1848 1057 1896 1093 55

1849 2369 1895 2407 70
