2148 3204
755 115 1064 154 AENEIDOS
1101 114 1220 150 LIB.
1265 112 1333 149 ΙΙ.

178 267 232 311 ut
256 261 488 310 caderem
516 257 765 306 meruisse
790 271 960 303 manu.
1033 251 1348 301 Divellimur
1374 249 1510 310 inde,

173 348 386 412 Iphitus
412 351 464 394 et
488 345 661 393 Pelias
689 358 902 402 mecum,
929 356 1146 404 quorum
1174 338 1385 400 Iphitus
1411 350 1538 384 aevo

174 437 278 484 iam
305 433 525 496 gravior,
552 431 726 479 Pelias
753 434 804 477 et
829 428 1039 477 volnere
1064 426 1245 474 tardus
1273 423 1424 474 Ulixi
1440 441 1453 485 3

176 522 413 587 protinus
439 521 505 568 ad
530 519 675 568 sedes
701 514 898 565 Priami
925 515 1146 564 clamore
1171 510 1357 561 vocati„

188 691 275 731 The
288 690 403 741 fiyht
425 694 470 729 at
491 687 876 736 Priam'spalace.

248 785 353 834 Hic
378 800 497 832 vero
522 784 786 845 ingentem
812 795 1054 843 pugnam,
1081 793 1173 827 ceu
1198 781 1368 825 cetera
1390 788 1650 837 nusquam

181 874 318 923 bella
342 872 529 931 forent,
555 870 688 917 nulli
714 874 824 917 tota
849 871 1173 914 morerentur
1200 864 1255 912 in
1279 864 1420 924 urbe,

184 963 257 1011 sic
283 961 508 1008 Martem
531 957 844 1005 indomitum
870 957 1182 1015 Danaosque
1208 952 1275 1000 ad
1300 955 1436 999 tecta
1460 946 1659 996 ruentis

184 1047 442 1097 cernimus
470 1046 836 1106 obsessumque
864 1046 978 1090 acta
1003 1039 1266 1088 testudine
1292 1038 1465 1085 limen.

187 1137 419 1184 Haerent
444 1130 760 1196 parietibus1
786 1129 968 1189 scalae,
995 1127 1263 1191 postisque
1291 1125 1385 1173 sub
1408 1124 1549 1187 ipsos

187 1223 430 1270 nituntur
457 1219 700 1281 gradibus
726 1217 1023 1280 clipeosque
1050 1215 1116 1262 ad
1141 1213 1247 1261 tela
1273 1211 1500 1261 sinistris

189 1307 410 1373 protecti
436 1306 682 1365 obiciunt,
710 1308 959 1367 prensant
985 1301 1200 1362 fastigia
1225 1299 1440 1348 dextris.

191 1395 522 1445 Dardanidae
549 1398 727 1441 contra
751 1391 911 1439 turris
939 1406 996 1438 ac
1021 1394 1160 1437 tecta
1186 1388 1454 1436 domorum

193 1483 422 1533 eulmina
446 1481 770 1540 convellunt3
808 1478 890 1527 his
919 1493 985 1538 se,
1015 1476 1221 1539 quando
1246 1474 1433 1522 ultima
1456 1474 1688 1532 cernunt,

195 1576 426 1620 extrema
449 1569 552 1617 iam
578 1568 634 1615 in
658 1574 823 1615 morte
849 1569 1036 1629 parant
1063 1563 1341 1611 defendere
1367 1560 1517 1621 telis;

197 1663 508 1719 auratasque
532 1656 720 1715 trabeS,
746 1659 982 1702 veterum
1008 1640 1192 1700 decora
1216 1650 1311 1697 illa
1334 1652 1622 1712 parentum,

199 1745 509 1795 devolvunt:
548 1743 639 1791 alii
665 1741 862 1791 strictis
888 1739 1219 1787 mucronibus
1245 1737 1376 1784 imas

200 1833 443 1882 obsedere
470 1831 637 1891 fores3
674 1829 768 1877 has
797 1832 1005 1877 servant
1031 1825 1234 1888 agmine
1261 1825 1437 1872 denso.

200 1918 489 1969 Instaurati
515 1915 677 1966 animi
701 1916 836 1977 regis
865 1928 1158 1963 succurrere
1183 1911 1336 1960 tectis

203 2007 499 2070 auxilioque
525 2005 696 2053 levare
722 2003 861 2052 viros
886 2001 1097 2064 vimque
1124 2000 1314 2049 addere
1342 1997 1512 2048 victis.

205 2177 380 2218 Aeneas
400 2181 576 2217 mounts
597 2180 638 2216 to
661 2175 731 2215 the
752 2173 863 2224 roos.

274 2273 457 2320 Limen
486 2275 596 2319 erat
621 2284 902 2331 caecaeque
928 2267 1066 2315 fores
1093 2274 1144 2314 et
1167 2264 1376 2328 pervius
1403 2279 1528 2313 usus

207 2365 462 2409 tectorum
486 2358 622 2405 inter
648 2372 700 2405 se
725 2354 923 2403 Priami
948 2358 1225 2417 postesque
1250 2350 1422 2399 relicti

211 2464 242 2496 a
264 2452 422 2509 tergo,
448 2445 637 2493 infelix
662 2459 764 2506 qua
791 2458 858 2503 se,
885 2442 1008 2489 dum
1033 2455 1190 2502 regna
1215 2439 1507 2499 manebant,

214 2533 418 2597 saepius
444 2530 804 2580 Andromache
829 2530 965 2577 ferre
989 2526 1294 2575 incomitata
1319 2524 1517 2574 solebat

215 2622 281 2670 ad
306 2635 506 2669 soceros
532 2624 583 2667 et
608 2634 704 2666 avo
728 2632 944 2679 puerum
970 2615 1293 2677 Astyanacta
1316 2610 1568 2659 trahebat.

216 2708 396 2756 Evado
422 2707 488 2754 ad
513 2703 701 2754 summi
727 2703 940 2764 fastigia
965 2700 1221 2760 culminis,
1247 2699 1385 2747 unde

470 2812 506 2849 1.
532 2811 775 2858 parietibus
790 2820 804 2847 .·
836 2809 941 2847 with
959 2808 975 2844 z·
993 2806 1273 2845 consonantal
1290 2805 1333 2842 in
1353 2803 1506 2842 second
1526 2801 1706 2849 syllable

1846 92 1914 145 47

1878 1829 1951 1867 450
