2148 3204
7 2991 44 3029 γ
32 2951 37 2960 -

716 88 1026 127 AENE1Dos
1066 87 1185 123 ΜΒ.
1233 85 1291 121 V.
1778 63 1882 116 135

131 233 235 281 Hic
260 231 422 280 oculis
449 229 680 279 subitum
706 228 926 276 obicitur
955 240 1239 286 magnoque
1266 223 1504 270 futurum

131 319 344 380 augurio
368 323 678 375 monstrum3
718 315 891 362 docuit
918 318 1036 376 post
1063 312 1238 359 exitus
1265 310 1447 370 ingens

132 421 344 468 seraque
371 404 584 452 terrifici
609 402 906 450 cecinerunt
931 400 1104 447 omina
1128 405 1288 446 vates.

131 495 370 556 Namque
396 492 575 539 volans
600 489 816 552 liquidis
843 489 898 535 in
922 488 1146 535 nubibus
1172 484 1300 533 arsit
1325 481 1563 530 harundo
1818 489 1889 526 525

133 579 462 643 signavitque
487 578 625 626 viam
651 577 874 624 fiammis
902 575 1176 636 tenuisque
1199 570 1419 630 ⁸recessit

134 674 437 730 consumpta
461 665 514 712 in
541 670 738 725 ventos,
766 663 906 711 caelo
932 678 1024 709 ceu
1051 676 1201 723 saepe
1228 658 1392 706 refixa

133 759 493 803 transcurrunt
514 752 810 813 crinemque
835 748 1068 798 volantia
1094 747 1263 796 sidera
1288 746 1502 793 ducunt.

134 840 392 890 Attonitis
419 840 629 888 haesere
658 838 860 897 animis,
890 850 1204 899 superosque
1232 831 1428 896 precati

135 928 391 977 Trinacrii
416 927 705 988 Teucrique
731 925 830 972 viri
852 944 861 985 3
901 939 994 971 nec
1023 922 1279 970 maximus
1306 935 1455 967 omen
1823 925 1894 962 530

135 1017 317 1065 abnuit
343 1017 558 1074 Aeneas,
587 1013 676 1061 sed
701 1012 894 1060 laetum
921 1010 1190 1073 amplexus
1214 1009 1439 1055 Acesten

135 1103 434 1152 muneribus
461 1100 690 1148 cumulat
714 1099 917 1159 magnis
944 1113 1000 1145 ac
1026 1096 1152 1144 talia
1178 1096 1344 1142 fatur:

137 1195 150 1219 ‘
173 1191 339 1247 Sume,
366 1194 540 1251 pater:
579 1203 697 1234 nam
724 1192 776 1233 te
801 1185 969 1233 voluit
995 1200 1085 1230 rex
1112 1198 1329 1243 magnus
1352 1177 1565 1243 Olympi

138 1277 330 1325 talibus
356 1275 602 1338 auspiciis
630 1279 883 1322 exsortem
913 1273 1096 1320 ducere
1125 1271 1358 1316 honores.

140 1364 312 1428 Ipsius
340 1363 601 1412 Anchisae
627 1360 864 1422 longaevi
890 1360 986 1406 hoc
1013 1373 1200 1404 munus
1229 1355 1455 1414 habebis,
1826 1361 1899 1398 535

138 1457 338 1500 cratera
361 1451 667 1514 impressum
695 1448 872 1509 signis⁷
900 1461 1051 1508 quem
1077 1444 1327 1491 Thracius
1354 1441 1478 1489 olim

140 1538 402 1587 Anchisae
429 1535 650 1599 genitori
675 1536 730 1582 in
756 1550 940 1595 magno
967 1548 1176 1580 munere
1205 1532 1411 1578 Cisseus

139 1627 277 1674 ferre
304 1626 383 1674 sui
408 1625 622 1672 dederat
647 1627 1036 1670 monumentum
1066 1625 1116 1666 et
1144 1619 1329 1681 pignus
1359 1614 1581 1664 amoris.²

143 1713 226 1761 Sic
251 1713 392 1760 fatus
419 1711 582 1772 cingit
606 1709 855 1757 viridanti
882 1714 1116 1769 tempora
1141 1706 1285 1753 lauro

142 1806 194 1848 et
218 1799 443 1863 primum
470 1803 587 1845 ante
615 1797 780 1844 omnis
808 1796 1051 1843 victorem
1084 1791 1316 1855 appellat
1338 1793 1578 1839 Acesten.
1829 1797 1901 1834 540

141 1889 254 1937 Nec
277 1887 442 1934 bonus
466 1885 724 1949 Eurytion
744 1882 974 1946 praelato
1000 1880 1191 1927 invidit
1217 1877 1413 1937 honori,

145 1973 382 2037 quamvis
409 1973 548 2021 solus
573 1988 721 2020 avem
747 1970 885 2018 caelo
911 1968 1100 2016 deiecit
1127 1968 1190 2014 ab
1217 1966 1336 2013 alto.

144 2061 420 2109 Proximus
446 2059 735 2120 ingreditur
762 2056 926 2116 donis,
955 2056 1043 2117 qui
1074 2053 1280 2100 vincula
1306 2051 1476 2114 rupit3

146 2154 429 2207 extremus,
456 2145 654 2194 volucri
679 2145 768 2208 qui
796 2143 913 2190 fixit
939 2141 1229 2190 harundine
1258 2139 1464 2187 malum.

1589 2172 1625 2212 ‘s'r
1642 2185 1696 2196 ρ,

157 2317 197 2356 T
194 2317 246 2357 he
268 2314 399 2355 ludus
419 2313 594 2354 Troiae.

216 2412 290 2459 At
313 2416 460 2474 pater
484 2411 686 2457 Aeneas
712 2408 940 2455 nondum
967 2405 1247 2454 certamine
1272 2403 1431 2452 misso
1831 2409 1904 2449 545

151 2499 416 2546 custodem
441 2497 506 2544 ad
531 2512 640 2545 sese
667 2495 1005 2555 comitemque
1033 2492 1256 2555 impubis
1278 2490 1382 2537 Iuli

87 2571 91 2576 ⁸
151 2585 418 2648 Epytiden
441 2589 591 2631 vocat
617 2587 667 2630 et
691 2581 850 2629 fidam
877 2580 950 2628 sic
975 2580 1118 2627 fatur
1144 2579 1205 2625 ad
1235 2594 1405 2625 aurem
1426 2596 1436 2625 ε

154 2672 327 2719 ‘Vade
355 2687 446 2731 age
472 2674 523 2717 et
548 2668 786 2726 Ascanio,
815 2667 860 2715 si
884 2667 986 2714 iam
1018 2665 1209 2729 puerile
1238 2671 1474 2726 paratum

154 2773 336 2819 agmen
360 2757 516 2805 habet
541 2771 710 2804 secum
738 2769 1018 2815 cursusque
1043 2751 1294 2800 instruxit
1319 2766 1580 2812 equorum,
