2148 3204
2 3055 38 3204 manat...

688 129 997 170 AENEIDOS
1035 129 1154 166 LIB.
1191 127 1275 164 VI.

110 283 284 333 obruit
307 281 514 341 Auster,
541 294 675 341 aqua
698 276 971 324 involvens
998 288 1289 335 navemque
1313 272 1568 332 virosque.

110 372 242 418 Ecce
269 369 580 430 gubernator
607 381 716 413 sese
742 363 1022 411 Palinurus
1048 360 1246 421 agebat,

112 458 203 520 qui
228 456 424 519 Libyco
449 468 613 515 nuper
639 467 805 510 cursu,
834 450 957 497 dum
983 449 1153 496 sidera
1178 450 1366 506 servat,

111 544 373 592 exciderat
398 539 562 604 puppi
587 538 774 586 mediis
800 537 994 584 effusus
1020 535 1076 582 in
1099 534 1269 582 undis.

113 633 269 679 Hunc
295 629 384 677 ubi
409 628 499 675 vix
524 626 690 673 multa
714 629 969 672 maestum
997 620 1238 683 cognovit
1262 619 1318 667 in
1340 619 1538 679 umbra,

114 719 188 767 sic
212 718 352 781 prior
377 714 707 777 adloquitur:
748 716 760 740 ‘
776 710 902 768 Quis
929 715 996 771 te,
1021 709 1283 768 Palinure,
1311 708 1521 754 deorum

113 805 306 868 eripuit
329 802 478 851 nobis
504 801 780 861 medioque
805 799 900 846 sub
925 812 1145 859 aequore
1173 794 1351 843 mersit
1370 795 1394 842 ?

114 893 211 940 Dic
238 908 344 953 age.
415 891 656 950 Namque
681 884 847 946 mihi,1
872 885 1037 933 fallax
1058 883 1198 931 haud
1222 887 1343 930 ante
1370 884 1624 943 repertus,

115 977 210 1027 hoc
234 995 340 1027 uno
365 991 614 1039 responso
639 973 872 1022 animum
898 972 1093 1019 delusit
1117 969 1325 1033 Apollo,

116 1066 207 1130 qui
231 1067 342 1114 fore
369 1070 420 1113 te
445 1067 606 1127 ponto
630 1061 942 1109 incolumem
967 1059 1190 1120 finisque
1217 1057 1434 1104 canebat

116 1160 392 1202 venturum
417 1150 693 1198 Ausonios.
765 1149 849 1195 En
872 1148 999 1194 haec
1025 1144 1281 1209 promissa
1305 1143 1432 1190 fides
1460 1146 1539 1188 est
1557 1142 1582 1188 ⁴?
1599 1139 1614 1164 '

117 1241 217 1289 Ille
243 1245 442 1288 autem:
482 1243 495 1266 ζ
514 1238 700 1299 Neque
725 1240 777 1283 te
803 1233 1006 1281 Phoebi
1029 1231 1231 1280 cortina
1255 1229 1469 1289 fefellit,

119 1329 225 1375 dux
250 1325 583 1385 Anchisiade,
608 1339 703 1370 nec
731 1338 809 1369 me
838 1322 965 1369 deus
986 1334 1204 1382 aequore
1232 1315 1423 1364 mersit.

118 1416 357 1477 Namque
384 1411 750 1474 gubernaclum
778 1408 944 1456 multa
968 1407 1022 1454 vi
1046 1408 1182 1454 forte
1208 1404 1486 1463 revolsum,

119 1501 204 1550 cui
237 1502 388 1549 datus
416 1499 693 1548 haerebam
718 1501 892 1545 custos
917 1508 1201 1555 cursusque
1228 1491 1481 1552 regebam,

120 1588 470 1652 praecipitans
497 1584 635 1634 traxi
659 1590 872 1632 mecum.
947 1581 1116 1629 Maria
1140 1595 1322 1643 aspera
1346 1578 1460 1625 iuro

120 1693 224 1723 non
249 1676 411 1722 ullum
438 1690 532 1737 pro
558 1689 639 1720 me
663 1676 871 1720 tantum
896 1668 1092 1732 cepisse
1121 1668 1375 1725 timorem,

122 1779 278 1825 quam
302 1767 393 1810 tua
415 1777 495 1821 ne,
523 1759 747 1823 spoliata
770 1757 942 1817 armis,
971 1770 1188 1804 excussa
1210 1753 1474 1814 magistro,

122 1850 364 1898 deficeret
387 1847 550 1896 tantis
575 1846 724 1894 navis
753 1844 1084 1905 surgentibus
1109 1840 1280 1889 undis.

124 1938 240 1985 Tris
266 1937 436 1984 Notus
461 1935 705 1982 hibernas
731 1932 987 1979 immensa
1010 1946 1100 1993 per
1127 1916 1350 1991 aequora
1374 1931 1550 1974 noctes

115 2025 268 2073 'vexit
293 2039 374 2071 me
398 2023 658 2070 violentus
685 2032 847 2083 aqua3
884 2018 976 2065 vix
999 2017 1197 2064 lumine
1223 2020 1407 2078 quarto

125 2101 368 2176 prospexi
393 2110 604 2157 Italiam
629 2123 832 2156 summa
857 2104 1096 2154 sublimis
1124 2103 1187 2150 ab
1211 2102 1363 2149 unda.

126 2198 390 2247 Paulatim
415 2197 670 2245 adnabam
694 2200 861 2242 terrae
882 2213 891 2252 ;
929 2192 1033 2239 iam
1057 2196 1174 2238 tuta
1198 2189 1452 2248 tenebam,

127 2287 182 2333 ni
207 2301 330 2347 gens
358 2284 580 2332 crudelis
607 2282 819 2329 madida
844 2296 960 2328 cum
984 2283 1129 2326 veste
1157 2281 1443 2338 gravatum,

127 2377 562 2436 prensantemque
588 2369 734 2416 uncis
759 2368 998 2416 manibus
1024 2365 1198 2427 capita
1222 2378 1406 2425 aspera
1429 2361 1637 2421 montis„

130 2461 267 2507 ferro
292 2458 569 2506 invasisset
595 2455 944 2519 praedamque
970 2451 1152 2513 ignara
1176 2453 1426 2513 putasset.

129 2547 282 2594 Nunc
306 2562 387 2593 me
411 2545 599 2592 fluctus
623 2543 781 2591 habet
806 2545 1120 2601 versantque
1145 2537 1199 2584 in
1224 2537 1376 2583 litore
1401 2534 1564 2584 venti.

131 2634 278 2690 Quod
302 2640 352 2681 te
378 2648 469 2695 per
493 2630 624 2679 caeli
647 2628 931 2677 iucundum
955 2626 1127 2673 lumen
1157 2629 1208 2671 et
1233 2638 1398 2682 auras,

131 2735 222 2783 per
247 2718 532 2782 genitorem
557 2732 660 2778 oro,
686 2730 778 2778 per
804 2729 922 2777 spes
949 2710 1208 2774 surgentis
1235 2708 1356 2765 Iuli,

892 2815 928 2851 1.
955 2813 1078 2850 mihi.

1758 109 1862 161 163

1797 625 1864 661 340

1804 1497 1872 1533 350
