2148 3204
240 120 309 174 68
676 111 678 113 ’
775 134 828 172 Ρ.
874 134 1133 172 VERGILI
1171 133 1452 174 MARONIS

240 289 396 337 seque
421 288 556 322 novo
579 278 811 322 veterum
839 273 1114 337 deceptum
1139 289 1309 322 errore
1335 272 1583 325 locorum.

239 363 372 409 Tum
397 366 680 410 memorat:
719 365 731 389 ‘
747 362 900 422 Nate,
927 361 1105 409 Iliacis
1133 355 1355 409 exercite
1375 361 1519 424 fatis,

240 449 348 497 sola
373 447 537 496 mihi1
560 447 683 498 talis
709 464 857 497 casus
885 449 1179 498 Cassandra
1205 449 1436 498 canebat.

237 537 392 584 Nunc
416 540 593 600 repeto
616 537 743 584 haec
767 535 943 598 generi
968 536 1274 606 portendere
1299 535 1476 585 debita
1504 542 1697 601 nostro,

237 629 290 672 et
316 639 467 687 saepe
493 623 819 687 Hesperiam,
843 639 994 686 saepe
1019 623 1158 671 Itala
1179 639 1339 685 regna
1363 640 1558 672 vocare.
1915 635 1986 674 185

240 711 341 759 Sed.
367 709 485 774 quis
510 711 576 759 ad
602 711 887 774 Hesperiae
913 715 1158 758 venturos
1183 710 1587 782 litora-Teucros

238 799 469 847 crederet
487 800 512 846 ?
584 799 692 846 Aut
718 814 867 861 quem
895 802 1004 845 tum
1032 802 1176 846 vates
1198 798 1488 847 Cassandra
1513 802 1743 848 moveret
1759 798 1786 847 ?

239 887 491 934 Cedamus
516 885 726 934 Phoebo
751 891 803 933 et
827 885 1014 934 moniti
1038 885 1252 934 meliora
1277 885 1585 949 sequamur.5

239 974 322 1022 Sic
348 973 422 1021 ait
446 978 499 1021 et
524 973 696 1021 cuncti
723 973 861 1036 dicto
886 988 1124 1036 paremus
1150 977 1384 1023 ovantes.

238 1062 391 1110 Hanc
416 1076 619 1124 quoque
645 1060 929 1108 deserimus
956 1061 1130 1109 sedem
1156 1061 1439 1124 paucisque
1469 1060 1667 1111 relictis
1916 1074 1987 1110 190

238 1149 354 1197 vela
378 1148 560 1198 damus
586 1153 895 1211 vastumque
921 1164 1046 1197 cava
1069 1149 1214 1197 trabe
1239 1149 1492 1198 currimus
1519 1166 1723 1213 aequor.

238 1311 407 1352 Driven
425 1311 477 1361 by
498 1323 526 1352 α
545 1315 682 1352 storm
703 1316 745 1352 to
769 1310 839 1352 the
863 1310 1148 1363 Strophades,
1172 1310 1270 1361 they
1290 1323 1366 1352 are
1386 1311 1590 1353 attached
1612 1311 1664 1362 by
1685 1312 1754 1352 the
1774 1311 1980 1362 Ηανρίεε.

303 1408 585 1470 Postquam
613 1407 774 1455 altum
801 1412 1012 1455 tenuere
1037 1412 1175 1456 rates
1191 1416 1294 1476 Jnec
1320 1405 1421 1455 iam
1448 1407 1670 1470 amplius
1692 1407 1829 1455 ullae

237 1499 490 1558 apparent
515 1499 697 1555 terrae,
725 1495 924 1542 caelum
951 1494 1179 1566 undique
1206 1500 1258 1543 et
1283 1495 1513 1558 undique
1541 1500 1747 1557 pontus,

237 1587 347 1629 tum
373 1581 504 1629 mihi
530 1577 793 1630 caeruleus
823 1598 979 1645 supra
1005 1575 1395 1645 caput'adstitit
1422 1582 1599 1642 imber,

236 1674 436 1717 noctem
464 1669 789 1732 hiememque
815 1670 1004 1731 ferens,
1032 1675 1083 1718 et
1108 1669 1368 1718 inhorruit
1393 1670 1533 1718 unda
1557 1668 1800 1718 tenebris.
1914 1679 1984 1716 195

238 1757 497 1805 Continuo
523 1756 666 1804 venti
694 1756 910 1805 volvunt
937 1773 1076 1805 mare
1101 1773 1389 1820 magnaque
1414 1761 1634 1819 surgunt

236 1860 485 1907 aequora3
524 1844 745 1906 dispersi
772 1844 1022 1892 iactamur
1048 1844 1247 1906 gurgite
1273 1850 1435 1893 vastO.

235 1931 510 1980 Involvere
538 1932 672 1980 diem
702 1931 865 1980 nimbi
892 1937 942 1980 et
968 1949 1070 1980 nox
1090 1932 1266 1981 umida
1291 1933 1487 1980 caelum

237 2018 486 2080 abstulit3
524 2018 847 2080 ingeminant
874 2020 1109 2083 abruptis
1133 2020 1356 2068 nubibus
1381 2020 1541 2082 ignes.

235 2106 545 2154 Excutimur
572 2122 723 2155 cursu
750 2112 801 2155 et
828 2108 990 2155 caecis
1017 2124 1244 2156 erramus
1270 2107 1325 2155 in
1350 2107 1516 2155 undis.
1911 2115 1982 2154 200

236 2194 358 2256 Ipse
384 2193 519 2241 diem
546 2199 850 2258 noctemque
877 2199 1031 2255 negat
1058 2194 1347 2243 discernere
1373 2194 1515 2243 caelo

235 2296 329 2328 nec
349 2280 648 2329 meminisse
676 2282 787 2330 viae
816 2283 985 2330 media
1009 2282 1288 2330 Palinurus
1314 2281 1368 2330 in
1394 2282 1543 2331 unda.

238 2367 354 2415 Tris
381 2368 507 2415 adeo
532 2367 755 2417 incertos
783 2386 932 2417 caeca
956 2368 1175 2430 caligine
1201 2368 1335 2418 soles

237 2470 466 2503 erramus
495 2455 689 2518 pelago,
717 2457 936 2505 totidem
964 2456 1073 2505 sine
1100 2455 1265 2505 sidere
1291 2460 1481 2505 noctes.

237 2542 429 2599 Quarto
454 2548 592 2590 terra
616 2544 698 2591 die
725 2545 949 2606 primum
976 2560 1028 2592 se
1055 2545 1291 2592 attollere
1316 2543 1524 2592 tandem
1908 2552 1978 2590 205

237 2629 363 2690 visa,
392 2629 590 2692 aperire
611 2631 784 2693 procul
815 2631 1003 2679 montis
1030 2647 1086 2679 ac
1110 2632 1314 2678 volvere
1340 2631 1553 2679 fumum.

237 2715 367 2764 Vela
388 2716 594 2778 cadunt,
622 2717 776 2765 remis
801 2717 1148 2779 insurgimus3
1188 2717 1325 2766 haud
1352 2733 1507 2778 mora,
1533 2722 1722 2766 nautae

1015 2827 1050 2863 1.
1086 2826 1208 2864 mihi.
