<?xml version="1.0" encoding="UTF-8"?>
<!DOCTYPE html PUBLIC "-//W3C//DTD XHTML 1.0 Transitional//EN"
    "http://www.w3.org/TR/xhtml1/DTD/xhtml1-transitional.dtd">
<html xmlns="http://www.w3.org/1999/xhtml" xml:lang="en" lang="en">
 <head>
  <title>
</title>
<meta http-equiv="Content-Type" content="text/html;charset=utf-8" />
  <meta name='ocr-system' content='tesseract 3.04.00' />
  <meta name='ocr-capabilities' content='ocr_page ocr_carea ocr_par ocr_line ocrx_word'/>
</head>
<body>
  <div class='ocr_page' id='page_1' title='image "./virgilsaeneidboo00virgrich_0173.png"; bbox 0 0 2148 3204; ppageno 0'>
   <div class='ocr_carea' id='block_1_1' title="bbox 669 11 1290 158">
    <p class='ocr_par' dir='ltr' id='par_1_1' title="bbox 669 11 1290 158">
     <span class='ocr_line' id='line_1_1' title="bbox 669 11 690 54; baseline 0 0"><span class='ocrx_word' id='word_1_1' title='bbox 669 11 690 54; x_wconf 76' lang='grc' dir='ltr'><strong><em>Ι</em></strong></span> 
     </span>
     <span class='ocr_line' id='line_1_2' title="bbox 687 119 1290 158; baseline 0.002 -1"><span class='ocrx_word' id='word_1_2' title='bbox 687 119 994 158; x_wconf 79' lang='lat' dir='ltr'>AENEIDOS</span> <span class='ocrx_word' id='word_1_3' title='bbox 1035 121 1154 158; x_wconf 85' lang='lat' dir='ltr'><strong>LIB.</strong></span> <span class='ocrx_word' id='word_1_4' title='bbox 1200 120 1290 158; x_wconf 82' lang='lat' dir='ltr'>IV.</span> 
     </span>
    </p>
   </div>
   <div class='ocr_carea' id='block_1_2' title="bbox 120 256 1626 1019">
    <p class='ocr_par' dir='ltr' id='par_1_2' title="bbox 120 256 1504 496">
     <span class='ocr_line' id='line_1_3' title="bbox 121 256 1486 320; baseline -0.004 -10"><span class='ocrx_word' id='word_1_5' title='bbox 121 260 260 310; x_wconf 91' lang='lat' dir='ltr'>solus</span> <span class='ocrx_word' id='word_1_6' title='bbox 286 258 371 309; x_wconf 90' lang='lat' dir='ltr'>hic</span> <span class='ocrx_word' id='word_1_7' title='bbox 386 258 401 286; x_wconf 89' lang='lat'>¹</span> <span class='ocrx_word' id='word_1_8' title='bbox 426 258 634 307; x_wconf 84' lang='lat' dir='ltr'>inflexit</span> <span class='ocrx_word' id='word_1_9' title='bbox 659 261 840 307; x_wconf 87' lang='lat' dir='ltr'>sensus</span> <span class='ocrx_word' id='word_1_10' title='bbox 867 259 1199 320; x_wconf 88' lang='lat' dir='ltr'>animumque</span> <span class='ocrx_word' id='word_1_11' title='bbox 1223 256 1486 305; x_wconf 75' lang='lat' dir='ltr'>labantem</span> 
     </span>
     <span class='ocr_line' id='line_1_4' title="bbox 120 344 1504 419; baseline -0.002 -24"><span class='ocrx_word' id='word_1_12' title='bbox 120 347 342 410; x_wconf 87' lang='lat' dir='ltr'>impulit.</span> <span class='ocrx_word' id='word_1_13' title='bbox 415 347 692 419; x_wconf 82' lang='lat' dir='ltr'>Adgnosco</span> <span class='ocrx_word' id='word_1_14' title='bbox 715 345 906 393; x_wconf 86' lang='lat' dir='ltr'>veteris</span> <span class='ocrx_word' id='word_1_15' title='bbox 932 344 1155 408; x_wconf 66' lang='lat' dir='ltr'>vestigia</span> <span class='ocrx_word' id='word_1_16' title='bbox 1182 344 1428 406; x_wconf 83' lang='lat' dir='ltr'>flammae.</span> <span class='ocrx_word' id='word_1_17' title='bbox 1498 367 1504 374; x_wconf 94' lang='lat'>·</span> 
     </span>
     <span class='ocr_line' id='line_1_5' title="bbox 123 421 1419 496; baseline -0.003 -13"><span class='ocrx_word' id='word_1_18' title='bbox 123 436 223 483; x_wconf 84' lang='lat' dir='ltr'>Sed</span> <span class='ocrx_word' id='word_1_19' title='bbox 247 434 376 481; x_wconf 87' lang='lat' dir='ltr'>mihi</span> <span class='ocrx_word' id='word_1_20' title='bbox 402 433 485 481; x_wconf 85' lang='lat' dir='ltr'>vel</span> <span class='ocrx_word' id='word_1_21' title='bbox 510 433 667 482; x_wconf 87' lang='lat' dir='ltr'>tellus</span> <span class='ocrx_word' id='word_1_22' title='bbox 693 421 867 495; x_wconf 85' lang='lat' dir='ltr'>optem</span> <span class='ocrx_word' id='word_1_23' title='bbox 892 433 1036 496; x_wconf 88' lang='lat' dir='ltr'>prius</span> <span class='ocrx_word' id='word_1_24' title='bbox 1056 431 1161 479; x_wconf 88' lang='lat' dir='ltr'>ima</span> <span class='ocrx_word' id='word_1_25' title='bbox 1186 431 1419 479; x_wconf 87' lang='lat' dir='ltr'>dehiscat</span> 
     </span>
    </p>

    <p class='ocr_par' dir='ltr' id='par_1_3' title="bbox 120 518 1626 1019">
     <span class='ocr_line' id='line_1_6' title="bbox 120 518 1626 584; baseline -0.002 -14"><span class='ocrx_word' id='word_1_26' title='bbox 120 521 204 570; x_wconf 87' lang='lat' dir='ltr'>vel</span> <span class='ocrx_word' id='word_1_27' title='bbox 229 526 376 584; x_wconf 87' lang='lat' dir='ltr'>pater</span> <span class='ocrx_word' id='word_1_28' title='bbox 400 521 726 583; x_wconf 88' lang='lat' dir='ltr'>omnipotens</span> <span class='ocrx_word' id='word_1_29' title='bbox 752 520 929 581; x_wconf 83' lang='lat' dir='ltr'>adigat</span> <span class='ocrx_word' id='word_1_30' title='bbox 955 535 1038 566; x_wconf 88' lang='lat' dir='ltr'>me</span> <span class='ocrx_word' id='word_1_31' title='bbox 1062 518 1283 566; x_wconf 78' lang='lat' dir='ltr'>fulmine</span> <span class='ocrx_word' id='word_1_32' title='bbox 1309 519 1376 566; x_wconf 93' lang='lat' dir='ltr'>ad</span> <span class='ocrx_word' id='word_1_33' title='bbox 1401 518 1626 580; x_wconf 84' lang='lat' dir='ltr'>umbras,</span> 
     </span>
     <span class='ocr_line' id='line_1_7' title="bbox 121 606 1466 673; baseline -0.002 -17"><span class='ocrx_word' id='word_1_34' title='bbox 121 607 368 673; x_wconf 83' lang='lat' dir='ltr'>pallentis</span> <span class='ocrx_word' id='word_1_35' title='bbox 393 608 600 655; x_wconf 91' lang='lat' dir='ltr'>umbras</span> <span class='ocrx_word' id='word_1_36' title='bbox 626 606 783 654; x_wconf 88' lang='lat' dir='ltr'>Erebi</span> <span class='ocrx_word' id='word_1_37' title='bbox 809 612 1111 668; x_wconf 89' lang='lat' dir='ltr'>noctemque</span> <span class='ocrx_word' id='word_1_38' title='bbox 1137 606 1466 668; x_wconf 80' lang='lat' dir='ltr'><strong>profundam,</strong></span> 
     </span>
     <span class='ocr_line' id='line_1_8' title="bbox 121 693 1503 764; baseline -0.003 -20"><span class='ocrx_word' id='word_1_39' title='bbox 121 702 258 757; x_wconf 85' lang='lat' dir='ltr'>ante,</span> <span class='ocrx_word' id='word_1_40' title='bbox 283 696 473 756; x_wconf 80' lang='lat' dir='ltr'>Pudor,</span> <span class='ocrx_word' id='word_1_41' title='bbox 500 710 653 764; x_wconf 80' lang='lat' dir='ltr'>quam</span> <span class='ocrx_word' id='word_1_42' title='bbox 678 699 730 741; x_wconf 92' lang='lat' dir='ltr'>te</span> <span class='ocrx_word' id='word_1_43' title='bbox 754 694 892 741; x_wconf 80' lang='lat' dir='ltr'>violo</span> <span class='ocrx_word' id='word_1_44' title='bbox 917 698 1007 741; x_wconf 89' lang='lat' dir='ltr'>aut</span> <span class='ocrx_word' id='word_1_45' title='bbox 1032 698 1122 741; x_wconf 86' lang='lat' dir='ltr'>tua</span> <span class='ocrx_word' id='word_1_46' title='bbox 1147 693 1262 741; x_wconf 88' lang='lat' dir='ltr'>iura</span> <span class='ocrx_word' id='word_1_47' title='bbox 1286 693 1503 742; x_wconf 83' lang='lat' dir='ltr'>resolvo.</span> 
     </span>
     <span class='ocr_line' id='line_1_9' title="bbox 122 779 1404 844; baseline -0.002 -13"><span class='ocrx_word' id='word_1_48' title='bbox 122 783 221 832; x_wconf 88' lang='lat' dir='ltr'>Ille</span> <span class='ocrx_word' id='word_1_49' title='bbox 247 798 401 843; x_wconf 83' lang='lat' dir='ltr'>meos,</span> <span class='ocrx_word' id='word_1_50' title='bbox 427 779 625 844; x_wconf 85' lang='lat' dir='ltr'>primus</span> <span class='ocrx_word' id='word_1_51' title='bbox 651 780 740 843; x_wconf 89' lang='lat' dir='ltr'>qui</span> <span class='ocrx_word' id='word_1_52' title='bbox 765 796 846 828; x_wconf 89' lang='lat' dir='ltr'>me</span> <span class='ocrx_word' id='word_1_53' title='bbox 872 780 970 828; x_wconf 84' lang='lat' dir='ltr'>sibi</span> <span class='ocrx_word' id='word_1_54' title='bbox 994 780 1180 840; x_wconf 80' lang='lat' dir='ltr'>iunxit,</span> <span class='ocrx_word' id='word_1_55' title='bbox 1207 795 1404 829; x_wconf 87' lang='lat' dir='ltr'>amores</span> 
     </span>
     <span class='ocr_line' id='line_1_10' title="bbox 123 857 1527 931; baseline -0.002 -12"><span class='ocrx_word' id='word_1_56' title='bbox 123 871 372 931; x_wconf 83' lang='lat' dir='ltr'>abstulit3</span> <span class='ocrx_word' id='word_1_57' title='bbox 400 869 489 916; x_wconf 86' lang='lat' dir='ltr'>ille</span> <span class='ocrx_word' id='word_1_58' title='bbox 516 869 704 916; x_wconf 88' lang='lat' dir='ltr'>habeat</span> <span class='ocrx_word' id='word_1_59' title='bbox 731 884 903 916; x_wconf 90' lang='lat' dir='ltr'>secum</span> <span class='ocrx_word' id='word_1_60' title='bbox 926 857 1201 930; x_wconf 51' lang='lat' dir='ltr'>&#39;servetque</span> <span class='ocrx_word' id='word_1_61' title='bbox 1229 867 1527 929; x_wconf 68' lang='lat' dir='ltr'>sepulchro!</span> 
     </span>
     <span class='ocr_line' id='line_1_11' title="bbox 126 949 1350 1019; baseline -0.004 -12"><span class='ocrx_word' id='word_1_62' title='bbox 126 958 212 1007; x_wconf 84' lang='lat' dir='ltr'>Sic</span> <span class='ocrx_word' id='word_1_63' title='bbox 239 957 397 1006; x_wconf 85' lang='lat' dir='ltr'>effata</span> <span class='ocrx_word' id='word_1_64' title='bbox 420 955 592 1005; x_wconf 88' lang='lat' dir='ltr'>sinum</span> <span class='ocrx_word' id='word_1_65' title='bbox 618 954 847 1004; x_wconf 81' lang='lat' dir='ltr'>lacrimis</span> <span class='ocrx_word' id='word_1_66' title='bbox 873 949 1114 1019; x_wconf 81' lang='lat' dir='ltr'>implevit</span> <span class='ocrx_word' id='word_1_67' title='bbox 1139 954 1350 1002; x_wconf 75' lang='lat' dir='ltr'>obortis,</span> 
     </span>
    </p>
   </div>
   <div class='ocr_carea' id='block_1_3' title="bbox 127 1170 1021 1216">
    <p class='ocr_par' dir='ltr' id='par_1_4' title="bbox 127 1170 1021 1216">
     <span class='ocr_line' id='line_1_12' title="bbox 127 1170 1021 1216; baseline -0.006 0"><span class='ocrx_word' id='word_1_68' title='bbox 127 1173 267 1216; x_wconf 77' lang='lat' dir='ltr'>Anna</span> <span class='ocrx_word' id='word_1_69' title='bbox 287 1174 493 1215; x_wconf 77' lang='lat' dir='ltr'>counsels</span> <span class='ocrx_word' id='word_1_70' title='bbox 514 1172 634 1214; x_wconf 71' lang='lat' dir='ltr'>Dido</span> <span class='ocrx_word' id='word_1_71' title='bbox 656 1177 698 1212; x_wconf 78' lang='grc' dir='ltr'>το</span> <span class='ocrx_word' id='word_1_72' title='bbox 719 1171 812 1212; x_wconf 81' lang='lat' dir='ltr'>wed</span> <span class='ocrx_word' id='word_1_73' title='bbox 831 1170 1021 1212; x_wconf 81' lang='lat' dir='ltr'>Aeneas.</span> 
     </span>
    </p>
   </div>
   <div class='ocr_carea' id='block_1_4' title="bbox 127 1269 1607 2641">
    <p class='ocr_par' dir='ltr' id='par_1_5' title="bbox 127 1269 1607 2641">
     <span class='ocr_line' id='line_1_13' title="bbox 193 1269 1533 1342; baseline -0.003 -10"><span class='ocrx_word' id='word_1_74' title='bbox 193 1284 347 1332; x_wconf 87' lang='lat' dir='ltr'>Anna</span> <span class='ocrx_word' id='word_1_75' title='bbox 369 1283 561 1331; x_wconf 84' lang='lat' dir='ltr'>refert:</span> <span class='ocrx_word' id='word_1_76' title='bbox 588 1285 601 1310; x_wconf 85' lang='lat'><em>‘</em></span> <span class='ocrx_word' id='word_1_77' title='bbox 619 1281 660 1330; x_wconf 92' lang='lat' dir='ltr'>O</span> <span class='ocrx_word' id='word_1_78' title='bbox 685 1281 798 1329; x_wconf 85' lang='lat' dir='ltr'>luce</span> <span class='ocrx_word' id='word_1_79' title='bbox 826 1279 986 1342; x_wconf 85' lang='lat' dir='ltr'>magis</span> <span class='ocrx_word' id='word_1_80' title='bbox 1012 1279 1205 1329; x_wconf 86' lang='lat' dir='ltr'>dilecta</span> <span class='ocrx_word' id='word_1_81' title='bbox 1231 1277 1410 1342; x_wconf 87' lang='lat' dir='ltr'>sorori,</span> <span class='ocrx_word' id='word_1_82' title='bbox 1497 1269 1533 1308; x_wconf 41' lang='grc' dir='ltr'>’θ</span> 
     </span>
     <span class='ocr_line' id='line_1_14' title="bbox 127 1355 1317 1464; baseline -0.005 -43"><span class='ocrx_word' id='word_1_83' title='bbox 127 1371 301 1421; x_wconf 84' lang='lat' dir='ltr'>solane</span> <span class='ocrx_word' id='word_1_84' title='bbox 278 1387 415 1464; x_wconf 80' lang='lat' dir='ltr'>pei</span> <span class='ocrx_word' id='word_1_85' title='bbox 420 1355 575 1439; x_wconf 76' lang='lat' dir='ltr'>petua</span> <span class='ocrx_word' id='word_1_86' title='bbox 599 1384 830 1416; x_wconf 88' lang='lat' dir='ltr'>maerens</span> <span class='ocrx_word' id='word_1_87' title='bbox 857 1384 941 1415; x_wconf 81' lang='lat' dir='ltr'>cai</span> <span class='ocrx_word' id='word_1_88' title='bbox 945 1383 1063 1430; x_wconf 87' lang='lat' dir='ltr'>pere</span> <span class='ocrx_word' id='word_1_89' title='bbox 1088 1367 1317 1427; x_wconf 85' lang='lat' dir='ltr'>iuventa,</span> 
     </span>
     <span class='ocr_line' id='line_1_15' title="bbox 127 1432 1422 1539; baseline -0.002 -32"><span class='ocrx_word' id='word_1_90' title='bbox 127 1474 224 1527; x_wconf 80' lang='lat' dir='ltr'>nec</span> <span class='ocrx_word' id='word_1_91' title='bbox 249 1432 417 1507; x_wconf 87' lang='lat' dir='ltr'>dulcis</span> <span class='ocrx_word' id='word_1_92' title='bbox 443 1463 592 1516; x_wconf 88' lang='lat' dir='ltr'>natos</span> <span class='ocrx_word' id='word_1_93' title='bbox 618 1440 835 1525; x_wconf 87' lang='lat' dir='ltr'>Veneris</span> <span class='ocrx_word' id='word_1_94' title='bbox 862 1470 956 1503; x_wconf 88' lang='lat' dir='ltr'>nec</span> <span class='ocrx_word' id='word_1_95' title='bbox 982 1455 1212 1539; x_wconf 85' lang='lat' dir='ltr'>praemia</span> <span class='ocrx_word' id='word_1_96' title='bbox 1236 1455 1422 1505; x_wconf 86' lang='lat' dir='ltr'>noris?</span> 
     </span>
     <span class='ocr_line' id='line_1_16' title="bbox 128 1533 1446 1605; baseline -0.002 -12"><span class='ocrx_word' id='word_1_97' title='bbox 128 1546 194 1593; x_wconf 87' lang='lat' dir='ltr'>Id</span> <span class='ocrx_word' id='word_1_98' title='bbox 219 1540 442 1593; x_wconf 87' lang='lat' dir='ltr'>cinerem</span> <span class='ocrx_word' id='word_1_99' title='bbox 466 1549 555 1592; x_wconf 88' lang='lat' dir='ltr'>aut</span> <span class='ocrx_word' id='word_1_100' title='bbox 580 1543 754 1591; x_wconf 89' lang='lat' dir='ltr'>Manis</span> <span class='ocrx_word' id='word_1_101' title='bbox 779 1533 946 1590; x_wconf 89' lang='lat' dir='ltr'>credis</span> <span class='ocrx_word' id='word_1_102' title='bbox 973 1557 1152 1590; x_wconf 89' lang='lat' dir='ltr'>curare</span> <span class='ocrx_word' id='word_1_103' title='bbox 1180 1539 1446 1605; x_wconf 79' lang='lat' dir='ltr'>sepultos?</span> 
     </span>
     <span class='ocr_line' id='line_1_17' title="bbox 129 1628 1410 1694; baseline -0.004 -13"><span class='ocrx_word' id='word_1_104' title='bbox 129 1633 258 1682; x_wconf 90' lang='lat' dir='ltr'>Esto</span> <span class='ocrx_word' id='word_1_105' title='bbox 273 1651 286 1694; x_wconf 92' lang='lat'>;</span> <span class='ocrx_word' id='word_1_106' title='bbox 325 1647 530 1694; x_wconf 78' lang='lat' dir='ltr'>aegram</span> <span class='ocrx_word' id='word_1_107' title='bbox 554 1630 688 1678; x_wconf 87' lang='lat' dir='ltr'>nulli</span> <span class='ocrx_word' id='word_1_108' title='bbox 714 1629 976 1692; x_wconf 90' lang='lat' dir='ltr'>quondam</span> <span class='ocrx_word' id='word_1_109' title='bbox 1004 1628 1193 1677; x_wconf 79' lang='lat' dir='ltr'>flexere</span> <span class='ocrx_word' id='word_1_110' title='bbox 1219 1628 1410 1690; x_wconf 84' lang='lat' dir='ltr'>mariti,</span> 
     </span>
     <span class='ocr_line' id='line_1_18' title="bbox 129 1716 1459 1783; baseline -0.002 -15"><span class='ocrx_word' id='word_1_111' title='bbox 129 1736 232 1768; x_wconf 90' lang='lat' dir='ltr'>non</span> <span class='ocrx_word' id='word_1_112' title='bbox 257 1719 470 1783; x_wconf 83' lang='lat' dir='ltr'>Libyae,</span> <span class='ocrx_word' id='word_1_113' title='bbox 495 1735 599 1765; x_wconf 89' lang='lat' dir='ltr'>non</span> <span class='ocrx_word' id='word_1_114' title='bbox 624 1722 743 1766; x_wconf 87' lang='lat' dir='ltr'>ante</span> <span class='ocrx_word' id='word_1_115' title='bbox 769 1718 936 1780; x_wconf 83' lang='lat' dir='ltr'>Tyr03</span> <span class='ocrx_word' id='word_1_116' title='bbox 976 1716 1250 1779; x_wconf 81' lang='lat' dir='ltr'>despectus</span> <span class='ocrx_word' id='word_1_117' title='bbox 1279 1717 1459 1766; x_wconf 81' lang='lat' dir='ltr'>Iarbas</span> 
     </span>
     <span class='ocr_line' id='line_1_19' title="bbox 131 1804 1437 1870; baseline -0.003 -14"><span class='ocrx_word' id='word_1_118' title='bbox 131 1809 472 1870; x_wconf 73' lang='lat' dir='ltr'>ductoresque</span> <span class='ocrx_word' id='word_1_119' title='bbox 496 1806 602 1867; x_wconf 86' lang='grc'>3111,</span> <span class='ocrx_word' id='word_1_120' title='bbox 630 1821 758 1868; x_wconf 91' lang='lat' dir='ltr'>quos</span> <span class='ocrx_word' id='word_1_121' title='bbox 784 1804 969 1852; x_wconf 75' lang='lat' dir='ltr'>Africa</span> <span class='ocrx_word' id='word_1_122' title='bbox 991 1809 1133 1852; x_wconf 87' lang='lat' dir='ltr'>terra</span> <span class='ocrx_word' id='word_1_123' title='bbox 1155 1805 1437 1867; x_wconf 88' lang='lat' dir='ltr'>triumphis</span> 
     </span>
     <span class='ocr_line' id='line_1_20' title="bbox 131 1891 1412 1957; baseline -0.004 -14"><span class='ocrx_word' id='word_1_124' title='bbox 131 1896 277 1943; x_wconf 88' lang='lat' dir='ltr'>dives</span> <span class='ocrx_word' id='word_1_125' title='bbox 303 1894 425 1956; x_wconf 86' lang='lat' dir='ltr'>alit3</span> <span class='ocrx_word' id='word_1_126' title='bbox 452 1893 712 1957; x_wconf 78' lang='lat' dir='ltr'>placitone</span> <span class='ocrx_word' id='word_1_127' title='bbox 738 1891 894 1939; x_wconf 83' lang='lat' dir='ltr'>etiam</span> <span class='ocrx_word' id='word_1_128' title='bbox 919 1891 1173 1954; x_wconf 84' lang='lat' dir='ltr'>pugnabis</span> <span class='ocrx_word' id='word_1_129' title='bbox 1201 1892 1361 1939; x_wconf 86' lang='lat' dir='ltr'>amori</span> <span class='ocrx_word' id='word_1_130' title='bbox 1377 1894 1412 1952; x_wconf 33' lang='lat' dir='ltr'>i&gt;-</span> 
     </span>
     <span class='ocr_line' id='line_1_21' title="bbox 131 1979 1531 2041; baseline -0.004 -10"><span class='ocrx_word' id='word_1_131' title='bbox 131 1983 244 2031; x_wconf 88' lang='lat' dir='ltr'>Nec</span> <span class='ocrx_word' id='word_1_132' title='bbox 267 1982 412 2030; x_wconf 85' lang='lat' dir='ltr'>venit</span> <span class='ocrx_word' id='word_1_133' title='bbox 437 1982 492 2028; x_wconf 89' lang='lat' dir='ltr'>in</span> <span class='ocrx_word' id='word_1_134' title='bbox 516 1986 756 2040; x_wconf 77' lang='lat' dir='ltr'>mentem,</span> <span class='ocrx_word' id='word_1_135' title='bbox 783 1995 1002 2041; x_wconf 88' lang='lat' dir='ltr'>quorum</span> <span class='ocrx_word' id='word_1_136' title='bbox 1029 1979 1321 2027; x_wconf 89' lang='lat' dir='ltr'>consederis</span> <span class='ocrx_word' id='word_1_137' title='bbox 1352 1979 1531 2028; x_wconf 84' lang='lat' dir='ltr'>arvis?</span> 
     </span>
     <span class='ocr_line' id='line_1_22' title="bbox 133 2065 1487 2128; baseline -0.003 -11"><span class='ocrx_word' id='word_1_138' title='bbox 133 2069 275 2117; x_wconf 90' lang='lat' dir='ltr'>Hinc</span> <span class='ocrx_word' id='word_1_139' title='bbox 301 2068 551 2117; x_wconf 81' lang='lat' dir='ltr'>Gaetulae</span> <span class='ocrx_word' id='word_1_140' title='bbox 575 2067 743 2127; x_wconf 86' lang='lat' dir='ltr'>urbes,</span> <span class='ocrx_word' id='word_1_141' title='bbox 772 2081 931 2126; x_wconf 82' lang='lat' dir='ltr'>genus</span> <span class='ocrx_word' id='word_1_142' title='bbox 957 2065 1309 2128; x_wconf 85' lang='lat' dir='ltr'>insuperabile</span> <span class='ocrx_word' id='word_1_143' title='bbox 1336 2066 1487 2127; x_wconf 78' lang='lat' dir='ltr'>bello,</span> 
     </span>
     <span class='ocr_line' id='line_1_23' title="bbox 133 2152 1509 2217; baseline -0.001 -13"><span class='ocrx_word' id='word_1_144' title='bbox 133 2161 186 2204; x_wconf 88' lang='lat' dir='ltr'>et</span> <span class='ocrx_word' id='word_1_145' title='bbox 210 2156 470 2204; x_wconf 88' lang='lat' dir='ltr'>Numidae</span> <span class='ocrx_word' id='word_1_146' title='bbox 494 2154 688 2202; x_wconf 82' lang='lat' dir='ltr'>infreni</span> <span class='ocrx_word' id='word_1_147' title='bbox 713 2153 928 2214; x_wconf 81' lang='lat' dir='ltr'>cingunt</span> <span class='ocrx_word' id='word_1_148' title='bbox 954 2157 1005 2200; x_wconf 87' lang='lat' dir='ltr'>et</span> <span class='ocrx_word' id='word_1_149' title='bbox 1030 2152 1297 2216; x_wconf 88' lang='lat' dir='ltr'>inhospita</span> <span class='ocrx_word' id='word_1_150' title='bbox 1321 2153 1509 2217; x_wconf 85' lang='lat' dir='ltr'>Syrtis,</span> 
     </span>
     <span class='ocr_line' id='line_1_24' title="bbox 133 2227 1496 2304; baseline -0.003 -13"><span class='ocrx_word' id='word_1_151' title='bbox 133 2243 256 2291; x_wconf 91' lang='lat' dir='ltr'>hinc</span> <span class='ocrx_word' id='word_1_152' title='bbox 281 2240 487 2304; x_wconf 79' lang='lat' dir='ltr'>deserta</span> <span class='ocrx_word' id='word_1_153' title='bbox 513 2242 602 2290; x_wconf 87' lang='lat' dir='ltr'>siti</span> <span class='ocrx_word' id='word_1_154' title='bbox 626 2241 767 2303; x_wconf 83' lang='lat' dir='ltr'>regio</span> <span class='ocrx_word' id='word_1_155' title='bbox 794 2240 1002 2302; x_wconf 90' lang='lat' dir='ltr'>lateque</span> <span class='ocrx_word' id='word_1_156' title='bbox 1029 2240 1264 2289; x_wconf 80' lang='lat' dir='ltr'>furentes</span> <span class='ocrx_word' id='word_1_157' title='bbox 1477 2227 1496 2287; x_wconf 52' lang='grc' dir='ltr'>ζ</span> 
     </span>
     <span class='ocr_line' id='line_1_25' title="bbox 136 2328 1378 2391; baseline -0.002 -12"><span class='ocrx_word' id='word_1_158' title='bbox 136 2329 361 2379; x_wconf 86' lang='lat' dir='ltr'>Barcaei.</span> <span class='ocrx_word' id='word_1_159' title='bbox 433 2329 567 2387; x_wconf 75' lang='lat' dir='ltr'>Quid</span> <span class='ocrx_word' id='word_1_160' title='bbox 592 2329 729 2377; x_wconf 85' lang='lat' dir='ltr'>bella</span> <span class='ocrx_word' id='word_1_161' title='bbox 752 2329 891 2391; x_wconf 83' lang='lat' dir='ltr'>Tyro</span> <span class='ocrx_word' id='word_1_162' title='bbox 918 2328 1185 2389; x_wconf 85' lang='lat' dir='ltr'>surgentia</span> <span class='ocrx_word' id='word_1_163' title='bbox 1208 2328 1378 2376; x_wconf 87' lang='lat' dir='ltr'>dicam</span> 
     </span>
     <span class='ocr_line' id='line_1_26' title="bbox 137 2406 708 2480; baseline 0 -14"><span class='ocrx_word' id='word_1_164' title='bbox 137 2406 469 2480; x_wconf 83' lang='lat' dir='ltr'>germanique</span> <span class='ocrx_word' id='word_1_165' title='bbox 495 2417 662 2465; x_wconf 88' lang='lat' dir='ltr'>minas</span> <span class='ocrx_word' id='word_1_166' title='bbox 682 2419 708 2466; x_wconf 87' lang='lat'>?</span> 
     </span>
     <span class='ocr_line' id='line_1_27' title="bbox 137 2502 1607 2570; baseline -0.003 -18"><span class='ocrx_word' id='word_1_167' title='bbox 137 2505 233 2552; x_wconf 89' lang='lat' dir='ltr'>Dis</span> <span class='ocrx_word' id='word_1_168' title='bbox 260 2505 498 2567; x_wconf 83' lang='lat' dir='ltr'>equidem</span> <span class='ocrx_word' id='word_1_169' title='bbox 524 2503 822 2567; x_wconf 86' lang='lat' dir='ltr'>auspicibus</span> <span class='ocrx_word' id='word_1_170' title='bbox 847 2522 962 2570; x_wconf 74' lang='lat' dir='ltr'>reor</span> <span class='ocrx_word' id='word_1_171' title='bbox 988 2510 1039 2554; x_wconf 88' lang='lat' dir='ltr'>et</span> <span class='ocrx_word' id='word_1_172' title='bbox 1063 2505 1263 2552; x_wconf 88' lang='lat' dir='ltr'>Iunone</span> <span class='ocrx_word' id='word_1_173' title='bbox 1291 2502 1517 2552; x_wconf 89' lang='lat' dir='ltr'>secunda</span> <span class='ocrx_word' id='word_1_174' title='bbox 1574 2508 1607 2547; x_wconf 70' lang='lat'><em>†</em></span> 
     </span>
     <span class='ocr_line' id='line_1_28' title="bbox 137 2590 1402 2641; baseline 0.002 -4"><span class='ocrx_word' id='word_1_175' title='bbox 137 2590 277 2638; x_wconf 90' lang='lat' dir='ltr'>hunc</span> <span class='ocrx_word' id='word_1_176' title='bbox 302 2607 510 2639; x_wconf 89' lang='lat' dir='ltr'>cursum</span> <span class='ocrx_word' id='word_1_177' title='bbox 534 2591 721 2640; x_wconf 87' lang='lat' dir='ltr'>Iliacas</span> <span class='ocrx_word' id='word_1_178' title='bbox 747 2597 903 2640; x_wconf 85' lang='lat' dir='ltr'>vento</span> <span class='ocrx_word' id='word_1_179' title='bbox 927 2592 1158 2641; x_wconf 90' lang='lat' dir='ltr'>tenuisse</span> <span class='ocrx_word' id='word_1_180' title='bbox 1183 2590 1402 2640; x_wconf 77' lang='lat' dir='ltr'>carinas,</span> 
     </span>
    </p>
   </div>
   <div class='ocr_carea' id='block_1_5' title="bbox 61 2665 1745 2740">
    <p class='ocr_par' dir='ltr' id='par_1_6' title="bbox 61 2665 1745 2740">
     <span class='ocr_line' id='line_1_29' title="bbox 61 2665 1745 2740; baseline -0.001 -15"><span class='ocrx_word' id='word_1_181' title='bbox 61 2683 63 2686; x_wconf 56' lang='lat'><strong>⁴</strong></span> <span class='ocrx_word' id='word_1_182' title='bbox 139 2677 305 2736; x_wconf 84' lang='lat' dir='ltr'>Quam</span> <span class='ocrx_word' id='word_1_183' title='bbox 327 2682 392 2731; x_wconf 63' lang='lat' dir='ltr'>tu,</span> <span class='ocrx_word' id='word_1_184' title='bbox 410 2665 606 2738; x_wconf 82' lang='lat' dir='ltr'>urbem,</span> <span class='ocrx_word' id='word_1_185' title='bbox 634 2693 792 2740; x_wconf 87' lang='lat' dir='ltr'>soror,</span> <span class='ocrx_word' id='word_1_186' title='bbox 817 2679 952 2727; x_wconf 90' lang='lat' dir='ltr'>hanc</span> <span class='ocrx_word' id='word_1_187' title='bbox 975 2694 1169 2730; x_wconf 80' lang='lat' dir='ltr'>cernes,</span> <span class='ocrx_word' id='word_1_188' title='bbox 1197 2687 1327 2736; x_wconf 77' lang='lat' dir='ltr'>quae</span> <span class='ocrx_word' id='word_1_189' title='bbox 1353 2692 1561 2739; x_wconf 85' lang='lat' dir='ltr'>surgere</span> <span class='ocrx_word' id='word_1_190' title='bbox 1585 2691 1745 2738; x_wconf 89' lang='lat' dir='ltr'>regna</span> 
     </span>
    </p>
   </div>
   <div class='ocr_carea' id='block_1_6' title="bbox 530 2730 1309 2797">
    <p class='ocr_par' dir='ltr' id='par_1_7' title="bbox 530 2730 1309 2797">
     <span class='ocr_line' id='line_1_30' title="bbox 530 2730 1309 2797; baseline -0.001 -12"><span class='ocrx_word' id='word_1_191' title='bbox 530 2761 538 2785; x_wconf 63' lang='grc' dir='ltr'><em>ι</em></span> <span class='ocrx_word' id='word_1_192' title='bbox 829 2737 920 2797; x_wconf 56' lang='lat'>2!</span> <span class='ocrx_word' id='word_1_193' title='bbox 1110 2730 1309 2790; x_wconf 47' lang='lat' dir='ltr'>Na.—</span> 
     </span>
    </p>
   </div>
   <div class='ocr_carea' id='block_1_7' title="bbox 939 2807 1088 2846">
    <p class='ocr_par' dir='ltr' id='par_1_8' title="bbox 939 2807 1088 2846">
     <span class='ocr_line' id='line_1_31' title="bbox 939 2807 1088 2846; baseline -0.013 0"><span class='ocrx_word' id='word_1_194' title='bbox 939 2808 974 2846; x_wconf 89' lang='lat'>1.</span> <span class='ocrx_word' id='word_1_195' title='bbox 1005 2807 1088 2845; x_wconf 71' lang='lat' dir='ltr'>hic.</span> 
     </span>
    </p>
   </div>
   <div class='ocr_carea' id='block_1_8' title="bbox 1795 105 1864 157">
    <p class='ocr_par' dir='ltr' id='par_1_9' title="bbox 1795 105 1864 157">
     <span class='ocr_line' id='line_1_32' title="bbox 1795 105 1864 157; baseline 0 0"><span class='ocrx_word' id='word_1_196' title='bbox 1795 105 1864 157; x_wconf 85' lang='lat'>89</span> 
     </span>
    </p>
   </div>
  </div>
 </body>
</html>
