2148 3204
726 157 1034 196 AENEIDOS
1074 157 1194 193 LIB.
1238 155 1306 192 ΙΙ.

149 301 222 350 At
244 316 349 348 non
374 298 478 360 ille,
506 302 674 346 satum
702 313 803 359 quo
827 301 878 343 te
903 294 1160 355 mentiris,
1187 292 1421 340 Achilles

149 387 270 436 talis
297 386 352 433 in
377 387 524 433 hoste
551 385 656 431 fuit
681 383 903 442 Priamo,
933 382 1023 430 sed
1047 381 1160 428 iura
1185 380 1442 441 fidemque

150 473 399 537 supplicis
427 472 632 520 erubuit
658 485 948 533 corpusque
974 483 1234 529 exsangue
1263 466 1536 528 sepulchro

150 561 378 608 reddidit
403 561 720 607 Hectoreum
745 572 927 619 meque
954 555 1009 602 in
1034 571 1149 602 mea
1174 569 1333 615 regna
1357 551 1596 600 remisit.'

152 649 234 697 Sic
259 649 400 695 fatus
427 646 610 706 senior,
637 645 904 706 telumque
931 642 1122 691 inbelle
1149 641 1257 689 sine
1284 640 1392 688 ictu

150 736 384 795 coniecit,
411 750 565 782 rauco
590 733 728 796 quod
752 731 990 795 protinus
1017 745 1131 777 aere
1156 728 1422 791 repulsum

151 830 202 871 et
228 838 427 870 summo
452 821 607 884 clipei
631 819 945 882 nequiquam
972 818 1193 864 umbone
1216 814 1478 878 pependit.

152 911 246 960 Cui
271 910 532 973 Pyrrhus:
562 913 574 935 ζ
591 908 808 955 Refer-es
834 922 954 967 ergo
979 905 1106 952 haec
1131 908 1183 951 et
1207 902 1423 949 nuntius
1447 886 1573 950 ibis*

151 998 364 1045 Pelidae
391 995 641 1057 genitori3
668 994 750 1041 illi
775 1010 889 1041 mea
913 992 1087 1040 tristia
1110 992 1253 1039 facta

153 1087 559 1146 degeneremque
582 1081 984 1144 Neoptolemum
1010 1094 1218 1126 narrare
1244 1081 1527 1137 memento3

152 1189 288 1220 nunc
313 1172 540 1219 morere)
612 1171 728 1218 Hoc
753 1169 929 1217 dicens
956 1166 1143 1215 altaria
1162 1165 1366 1227 ad-‘ipsa
1390 1168 1697 1212 trementem

152 1260 316 1308 traxit
341 1264 393 1307 et
417 1259 473 1306 in
497 1257 663 1305 multo
687 1257 974 1319 lapsantem
1004 1253 1251 1314 sanguine
1277 1252 1404 1312 nati,

154 1341 517 1411 implicuitque
544 1361 741 1393 comam
765 1344 928 1403 laeva,
955 1343 1241 1403 dextraque
1269 1355 1535 1387 coruscum

154 1436 344 1484 extulit
369 1451 426 1483 ac
450 1433 604 1482 lateri
629 1432 815 1495 capulo
839 1435 991 1479 tenus
1017 1428 1220 1477 abdidit
1246 1443 1435 1475 ensem.

155 1524 298 1571 Haec
323 1523 446 1570 finis
472 1520 671 1569 Priami
697 1521 953 1579 fatorum3
985 1517 1071 1564 hic
1097 1515 1266 1563 exitus
1298 1514 1449 1561 illum

157 1616 292 1659 sorte
316 1610 455 1670 tulit,
484 1609 685 1656 Troiam
715 1607 980 1654 incensam
1004 1609 1057 1651 et
1085 1603 1328 1666 prolapsa
1360 1602 1620 1649 videntem

156 1700 422 1759 Pergama,
448 1701 528 1745 tot
558 1695 821 1759 quondam
851 1691 1058 1756 populis
1092 1690 1350 1753 terrisque
1380 1689 1658 1752 superbum

91 1783 97 1787 ⁸
156 1791 480 1847 regnatorem
510 1783 682 1831 Asiae.
756 1782 900 1829 Iacet
936 1780 1121 1841 ingens
1147 1778 1298 1825 litore
1325 1782 1540 1824 truncus

157 1873 494 1936 avolsumque
523 1869 716 1919 umeris
747 1873 904 1932 caput
937 1871 990 1915 et
1021 1865 1133 1916 sine
1165 1865 1373 1913 nomine
1405 1861 1603 1927 corpus.

157 2025 346 2074 Aenea&
371 2026 419 2064 in
439 2025 616 2073 horror,
638 2021 900 2062 remembers
920 2020 990 2059 his
1012 2030 1107 2058 own
1128 2018 1272 2058 home.

226 2141 302 2187 At
331 2154 413 2185 me
437 2142 544 2185 tum
578 2135 805 2199 primum
835 2149 1017 2181 saevus
1045 2128 1390 2179 circumstetit
1414 2128 1609 2176 horror.

161 2225 435 2288 Obstipui3
468 2223 629 2273 subiit
658 2222 763 2270 cari
789 2220 1040 2283 genitoris
1065 2219 1251 2279 imago,

158 2319 219 2362 ut
243 2328 415 2374 regem
441 2326 758 2374 aequaevum
786 2307 983 2356 crudeli
1009 2307 1219 2354 volnere
1246 2303 1356 2351 vidi

159 2402 322 2448 vitam
348 2399 705 2460 exhalantem3
735 2396 897 2445 subiit
922 2395 1127 2443 deserta
1152 2393 1346 2441 Creusa

161 2493 213 2536 et
239 2488 442 2550 direpta
468 2487 650 2534 domus
666 2484 683 2512 1
707 2489 759 2532 et
783 2482 934 2546 parvi
960 2497 1108 2530 casus
1134 2479 1255 2527 Iuli.

162 2575 406 2638 Respicio
431 2579 497 2635 et,
525 2588 656 2636 quae
681 2572 751 2620 sit
775 2587 855 2618 me
883 2569 1076 2618 circum
1102 2567 1263 2630 copia,
1289 2565 1470 2614 lustro.

162 2664 445 2711 Deseruere
470 2676 647 2709 omnes
674 2645 945 2707 defessi—et
970 2671 1181 2719 corpora
1207 2654 1345 2703 saltu

162 2750 228 2798 ad
250 2754 440 2797 terram
466 2748 651 2796 misere
677 2751 768 2795 aut
790 2745 999 2807 ignibus
1025 2758 1178 2803 aegra
1201 2741 1403 2789 dedere.

928 2851 963 2887 1.
995 2847 1154 2886 domas.

1829 136 1895 188 51

1829 299 1901 336 540

1833 736 1904 773 545

1828 1175 1900 1211 550

1837 1615 1908 1650 555

1841 2224 1910 2260 560

1837 2657 1906 2695 565
