2148 3204
209 83 309 133 182
741 94 795 130 P.
843 94 1100 131 VERGILI
1139 92 1419 130 MARONIS

204 234 305 282 heu
332 239 582 296 quantum
609 232 747 280 inter
774 248 826 280 se
852 232 1063 293 bellum,
1091 231 1136 279 si
1160 230 1361 278 lumina
1386 229 1526 278 vitae

204 321 490 383 attigerint,
518 325 739 383 quantas
767 320 902 368 acies
930 325 1258 380 stragemque
1284 317 1509 379 ciebunt,

204 409 477 470 aggeribus
500 423 642 455 socer
669 407 880 469 Alpinis
907 412 1062 469 atque
1088 421 1203 454 arce
1224 403 1460 453 Monoeci
1889 413 1959 450 830

205 496 537 556 descendens,
560 511 715 556 gener
741 494 974 542 adversis
1002 487 1287 542 instructus
1313 491 1469 541 Eois!

627 985 724 1021 Fm.
745 985 804 1020 33.
858 983 1022 1020 CAESAR
1047 994 1144 1021 AND
1171 985 1366 1021 POMPEY

203 1110 299 1168 Ne,
328 1107 490 1171 pueri,
512 1124 576 1155 ne
603 1111 754 1155 tanta
779 1105 967 1154 animis
994 1104 1285 1153 adsuescite
1311 1103 1464 1164 bella,

205 1213 304 1243 neu
331 1196 530 1258 patriae
560 1195 759 1241 vaiidas
785 1193 840 1240 in
870 1194 1070 1240 viscera
1095 1192 1283 1239 vertite
1311 1191 1465 1252 viris,
1519 1197 1522 1200 “

203 1289 363 1346 tuque
390 1282 545 1345 prior,
573 1287 631 1328 tu
651 1296 818 1343 parce,
846 1296 1005 1340 genus
1034 1279 1123 1341 qui
1150 1278 1294 1326 ducis
1322 1278 1566 1341 Olyinp03

204 1367 374 1433 proice
401 1370 508 1416 tela
535 1385 704 1428 manu,
735 1367 944 1428 sanguis
971 1368 1144 1415 meus!
1892 1374 1962 1411 835

273 1457 285 1481 ‘
302 1453 401 1500 1116
426 1453 751 1515 triumphata
777 1452 1037 1514 Capitolia
1062 1452 1127 1499 ad
1154 1451 1261 1498 alta
1287 1449 1536 1498 Corintho

203 1537 368 1585 victor
393 1543 511 1598 aget
538 1552 759 1597 currum,
790 1536 951 1584 caesis
979 1536 1200 1597 insignis
1229 1536 1475 1599 Achivis,

203 1630 347 1671 eruet
373 1624 461 1671 1116
490 1624 658 1684 Argos
686 1624 1229 1686 Agamemnoniasque
1258 1625 1504 1687 Mycenas

204 1712 476 1774 ipsumque
504 1711 781 1770 Aeaciden,
811 1726 971 1771 genus
1000 1711 1360 1773 armipotentis
1387 1711 1600 1773 Achilli,

203 1799 344 1846 ultus
370 1814 492 1846 avos
520 1798 717 1857 Troiae,
739 1797 936 1859 templa
962 1803 1013 1845 et
1039 1803 1290 1845 temerata
1315 1798 1596 1846 Minervae.
1890 1810 1960 1846 840

202 1885 327 1942 Quis
352 1890 421 1946 te,
447 1901 632 1946 magne
662 1884 804 1946 Cato,
831 1884 1043 1932 tacitum
1076 1890 1163 1932 aut
1191 1893 1256 1944 16,
1284 1886 1455 1945 Cosse,
1483 1884 1780 1946 relinquat?

203 1972 328 2029 Quis
356 1972 577 2021 Gracchi
605 1988 767 2033 genus
795 1976 885 2019 aut
913 1972 1162 2033 geminos,
1185 1973 1285 2019 duo
1312 1971 1538 2018 fulmina
1560 1971 1704 2032 belli,

145 2052 148 2055 ¹
205 2059 487 2122 Scipiadas,
515 2059 712 2107 cladem
743 2059 955 2122 Libyae,
984 2075 1246 2122 parvoque
1273 2063 1536 2121 potentem

203 2146 496 2194 Fabricium
523 2146 606 2193 vel
633 2151 684 2194 te
713 2146 871 2207 sulco,
903 2147 1134 2207 Seri-ane,
1165 2147 1458 2195 serentem?

203 2234 313 2291 Quo
339 2234 535 2281 fessum
561 2233 762 2296 rapitis,
789 2234 985 2282 Fabii?
1058 2234 1136 2281 Tu
1163 2233 1426 2281 Maximus
1452 2231 1541 2279 1116
1566 2248 1638 2294 es,
1887 2243 1959 2280 845

203 2336 336 2368 unus
363 2320 451 2383 qui
477 2315 625 2369 nobis
652 2322 943 2368 cunctando
970 2320 1202 2369 restituis
1228 2336 1347 2369 rem.

203 2408 476 2455 'Excudent
502 2407 592 2454 alii
622 2408 876 2470 spirantia
907 2409 1112 2456 mollius
1141 2424 1272 2467 aera,

207 2493 381 2558 (credo
407 2494 689 2562 equidem),
719 2496 864 2543 vivos
894 2496 1082 2544 ducent
1105 2497 1166 2543 de
1192 2511 1443 2543 marmore
1470 2493 1673 2557 voltus;

205 2581 424 2628 orabunt
448 2597 627 2629 causas
654 2583 854 2642 melius,
884 2582 1115 2643 caelique
1141 2586 1339 2629 meatus

206 2668 498 2716 describent
524 2668 668 2716 radio
694 2674 744 2716 et
772 2668 1035 2729 surgentia
1059 2668 1230 2715 sidera
1255 2668 1454 2716 dicent:
1881 2685 1951 2724 850

205 2762 262 2802 tu
290 2771 461 2816 regere
489 2753 705 2817 imperio
729 2754 963 2818 populos,
991 2755 1237 2816 Romane,
1266 2759 1524 2803 memento
