2148 3204
227 143 331 195 116
764 158 816 193 P.
865 156 1121 194 VERGILI
1159 155 1441 194 MARoms

225 302 545 358 consurgunt
570 295 715 344 venti
742 301 898 359 atque
923 296 977 343 in
1003 296 1192 344 nubem
1220 295 1419 357 cogitur
1444 303 1543 344 aer.

224 385 337 432 Nec
361 400 454 432 nos
481 384 648 432 obniti
674 390 853 432 contra
878 399 971 431 nec
997 384 1212 431 tendere
1239 388 1445 431 tantum

226 471 527 520 sufficimus.
606 472 827 534 Superat
853 471 1096 534 quoniam
1125 472 1369 532 Fortuna,
1398 487 1687 534 sequamur,

226 575 431 622 quoque
460 564 621 620 vocat,
649 564 914 606 vertamus
940 558 1055 606 iter.
1126 559 1237 606 Nec
1261 558 1417 606 litora
1440 558 1591 620 longe

225 647 330 695 fida
354 663 466 695 reor
490 647 726 694 fraterna
750 646 939 709 Erycis
966 651 1249 709 portusque
1277 646 1503 706 Sicanos,

225 735 270 783 si
295 735 447 782 modo
471 734 571 782 rite
597 750 790 782 memor
817 738 1022 781 servata
1046 734 1297 781 remetior·
1313 734 1483 781 astra.7

227 823 357 870 Tum
385 821 504 885 pius
532 822 734 869 Aeneas
757 840 765 868 :
797 821 1084 883 ‘Equidem
1112 821 1184 869 sic
1211 837 1419 883 poscere
1446 826 1629 870 ventos

224 909 525 957 iamdudum
553 914 605 956 et
631 909 831 957 frustra
855 924 1009 956 cerno
1033 913 1083 956 te
1112 909 1323 956 tendere
1358 914 1549 956 contra.

226 996 400 1044 Flecte
427 996 566 1044 viam
591 996 737 1045 velis.
808 996 896 1043 An
923 995 991 1043 sit
1019 995 1150 1043 mihi
1176 996 1370 1056 gratior
1395 995 1517 1057 ulla,

225 1100 392 1146 quove
417 1084 582 1144 magis
608 1084 776 1132 fessas
803 1088 976 1146 optem
1001 1084 1275 1131 demittere
1309 1084 1473 1144 navis,

225 1187 379 1234 quam
400 1187 532 1234 quae
558 1168 883 1219 Dardanium
909 1171 1068 1219 tellus
1094 1171 1224 1218 mihi
1259 1176 1432 1219 servat
1466 1171 1693 1219 Acesten

225 1263 276 1306 et
302 1259 466 1321 patris
492 1258 754 1306 Anchisae
781 1259 975 1319 gremio
1001 1258 1362 1321 complectitur
1388 1274 1506 1306 ossa
1523 1259 1576 1305 2³⁷

227 1346 372 1394 Haec
397 1346 487 1393 ubi
513 1346 667 1407 dicta,
696 1351 884 1409 petunt
908 1351 1104 1408 portus,
1134 1351 1184 1393 et
1209 1346 1324 1393 vela
1350 1345 1561 1393 secundi

226 1433 507 1481 intendunt
535 1433 762 1496 Zephyri
785 1453 795 1493 3
823 1417 993 1489 fertur
1018 1433 1122 1481 cita
1147 1433 1349 1495 gurgite
1374 1431 1556 1481 classis

227 1525 278 1568 et
305 1521 515 1568 tandem
543 1520 668 1569 laeti
695 1526 846 1568 notae
873 1521 1217 1569 advertuntur
1242 1520 1478 1569 harenae.

226 1684 405 1727 Acestes
426 1688 547 1737 ‚qives
569 1688 683 1727 them
705 1699 732 1727 α
753 1689 881 1737 royal
904 1688 1116 1727 welcome.

304 1784 377 1829 At
402 1783 578 1845 procul
606 1798 668 1830 ex
691 1782 828 1831 celso
853 1782 1072 1831 miratus
1100 1783 1292 1831 vertice
1317 1783 1508 1832 montis

227 1871 509 1918 adventum
537 1870 803 1932 sociasque
829 1875 966 1918 rates
993 1870 1216 1918 occurrit
1241 1870 1470 1930 Acestes,

227 1957 467 2005 horridus
493 1958 547 2004 in
574 1958 758 2005 iaculis
787 1963 838 2005 et
864 1958 1000 2020 pelle
1027 1958 1319 2020 Libystidis
1347 1974 1510 2019 ursae,

229 2046 383 2092 Troia
409 2044 613 2093 Criniso
639 2050 943 2107 conceptum
972 2044 1185 2092 flumine
1212 2051 1376 2092 mater

228 2148 381 2194 quem
408 2132 602 2193 genuit.
678 2133 927 2180 Veterum
952 2148 1055 2179 non
1079 2132 1348 2178 immemor
1379 2132 1469 2179 ille
1504 2138 1779 2195 parentum

228 2224 461 2280 gratatur
486 2219 700 2267 reduces
725 2224 776 2266 et
802 2235 926 2280 gaza
950 2219 1117 2267 laetus
1144 2219 1335 2280 agresti

228 2306 422 2369 excipit
448 2321 505 2353 ac
531 2306 698 2354 fessos
726 2307 909 2369 opibus
936 2306 1134 2355 solatur
1160 2305 1354 2354 amicis.

228 2473 404 2514 Aeneas
427 2475 671 2523 proclamas
693 2487 719 2513 α
732 2475 927 2524 festival.

295 2570 512 2616 Postera
537 2585 650 2615 cum
678 2570 844 2631 primo
871 2569 1049 2616 stellas
1077 2568 1288 2616 Oriente
1317 2569 1522 2630 fugarat

229 2656 368 2703 clara
393 2656 518 2715 dies,
549 2655 712 2703 socios
742 2657 794 2702 111
821 2661 1022 2703 coetum
1049 2655 1200 2702 litore
1227 2656 1290 2702 ab
1316 2655 1455 2701 omni

229 2743 447 2790 advocat
472 2743 676 2790 Aeneas
702 2743 994 2804 tumulique
1020 2757 1082 2789 ex
1109 2758 1290 2803 aggere
1317 2743 1485 2789 fatur:

230 2833 242 2857 ‘
263 2829 593 2877 Dardanidae
620 2829 809 2892 magni,
837 2844 997 2892 genus
1019 2829 1124 2877 alto
1149 2844 1179 2876 a
1205 2828 1454 2889 sanguine
1481 2828 1676 2890 divum,

1926 745 1979 782 ’25

1928 2839 1974 2875 45
