2148 3204
242 166 348 220 174
778 181 834 220 P.
879 182 1137 219 VERGILI
1175 182 1267 219 MA
1277 183 1455 221 RONIS

239 384 416 414 Aeneas
439 375 593 425 places
612 374 682 415 the
703 375 862 425 yolden
887 375 1030 426 boussh
1054 386 1172 425 upon
1195 376 1372 416 Pluto's
1393 377 1629 418 chreslzold.

306 476 450 524 Haec
476 476 565 524 ubi
591 475 732 524 dicta
755 468 908 524 dedit
926 477 1124 525 Phoebi
1150 477 1400 538 longaeva
1427 480 1678 539 sacerdos,

241 567 254 592 ‘
272 563 372 611 Sed
397 563 500 611 iam
526 579 635 625 age,
663 579 815 626 carpe
841 563 980 611 viam
1008 569 1058 611 et
1086 569 1380 627 susceptum
1410 566 1596 628 perfice
1621 583 1840 629 munus3

239 651 595 712 acceleremus,
616 652 629 677 '
656 651 743 699 ait.
815 655 828 679 ‘
850 650 1133 714 Cyclopum
1159 652 1344 710 educta
1369 652 1585 701 caminis
1920 665 1990 703 630

240 739 442 786 moenia
467 738 727 802 conspicio
753 743 908 801 atque
934 738 1153 786 adverso
1176 739 1376 787 fornice
1401 746 1592 803 portas,

238 828 364 901 haec
389 827 478 876 ubi
503 844 596 876 nos
623 833 897 890 praecepta
921 827 1102 875 iubent
1128 815 1384 890 deponere
1410 829 1575 876 dona.'

189 900 471 976 ''''“Dixerat,
499 921 550 963 et
574 916 769 979 pariter
796 914 958 976 gressi
985 930 1077 977 per
1102 929 1262 977 opaca
1285 915 1487 962 viarum

238 1002 526 1066 corripiunt
552 1003 775 1065 spatium
804 1003 1030 1049 medium
1057 1002 1360 1064 foribusque
1386 1002 1757 1066 propinquant.

239 1091 469 1153 Occupat
494 1090 696 1138 Aeneas
723 1090 923 1137 aditum
949 1105 1235 1151 corpusque
1261 1091 1454 1137 recenti
1922 1107 1992 1145 635

1754 1218 1823 1300 Η

239 1178 437 1241 spargit
461 1194 595 1241 aqua
620 1192 923 1239 ramumque
949 1177 1166 1224 adverso
1191 1175 1246 1223 in
1270 1175 1451 1225 limine
1477 1177 1608 1240 figit.

245 1360 330 1400 The
354 1360 545 1410 Blissful
571 1357 731 1399 Groves
753 1359 806 1409 os
819 1358 1040 1407 Elysium.

303 1462 406 1510 His
433 1463 639 1509 demum
667 1461 878 1521 exactis,
906 1460 1138 1522 perfecto
1164 1475 1376 1508 munere
1404 1460 1570 1522 divae,

237 1550 488 1598 devenere
513 1549 650 1597 locos
677 1549 840 1596 laetos
867 1552 918 1595 et
944 1562 1159 1609 ainoena
1184 1547 1379 1595 virecta

236 1639 637 1685 Fortunatorum
665 1637 947 1683 Nemorum
979 1634 1228 1695 sedesque
1255 1634 1444 1683 beatas.

237 1725 452 1786 Largior
477 1724 563 1772 hic
586 1739 793 1786 campos
821 1722 1000 1770 aether
1027 1726 1077 1768 et
1102 1720 1300 1769 lumine
1327 1723 1486 1771 vestit
1914 1733 1989 1770 640

237 1827 506 1875 purpureo,
530 1812 793 1873 solemque
820 1827 984 1869 suum,
1014 1825 1106 1859 sua
1134 1811 1304 1858 sidera
1327 1815 1533 1859 norunt.

237 1900 363 1946 Pars
390 1899 443 1945 in
470 1898 749 1959 gramineis
777 1903 1018 1946 exercent
1046 1899 1274 1946 membra
1300 1897 1589 1960 palaestris,

236 1986 557 2037 contendunt
582 1986 704 2032 1udo
731 1990 782 2032 et
806 1985 956 2032 fulva
982 1985 1246 2033 luctantur
1273 1984 1497 2045 harena3

236 2089 355 2136 pars
381 2072 599 2136 pedibus
626 2072 884 2135 plaudunt
909 2073 1121 2120 choreas
1149 2077 1199 2120 et
1224 2072 1454 2119 carmina
1478 2071 1672 2120 dicunt.

237 2161 347 2208 Nec
372 2176 475 2207 non
502 2160 771 2208 Threicius
798 2160 951 2221 longa
978 2175 1093 2207 cuin
1119 2164 1263 2208 veste
1285 2159 1519 2207 sacerdos
1919 2169 1993 2206 645

237 2247 534 2309 obloquitur
559 2246 786 2295 numeris
817 2252 1013 2309 septem
1041 2247 1345 2294 discrimina
1374 2261 1555 2293 vocum

237 2334 442 2396 iamque
468 2334 643 2381 eadem
671 2334 868 2395 digitis,
897 2334 1000 2382 iam
1028 2334 1231 2397 pectine
1257 2333 1432 2396 pulsat
1458 2334 1664 2381 eburno.

238 2421 341 2468 Hic
367 2437 528 2482 genus
555 2422 826 2483 antiquum
855 2421 1053 2480 Teucri,
1083 2420 1431 2483 puicherrima
1458 2420 1642 2482 proles,

239 2507 554 2570 magnanimi
579 2509 774 2567 heroes,
804 2509 913 2556 nati
941 2508 1239 2555 melioribus
1267 2507 1432 2566 annis,

220 2595 451 2664 ssnsque
478 2596 865 2658 ,Assaracusque
891 2601 942 2643 et
967 2595 1150 2642 Troiae
1176 2594 1450 2642 Dardanus
1478 2598 1670 2642 auctor.
1916 2603 1990 2640 650

238 2682 400 2730 Arma
425 2682 601 2745 procul
627 2698 909 2744 currusque
936 2682 1103 2729 virum
1133 2681 1350 2728 miratur
1380 2680 1550 2728 inanis
1572 2698 1584 2742 3

239 2774 381 2817 stant
405 2774 544 2816 terra
569 2769 767 2816 defixae
793 2769 987 2828 hastae,
1015 2768 1311 2830 passimque
1341 2767 1497 2815 soluti

238 2872 331 2920 per
358 2871 594 2918 campum
624 2860 908 2918 pascuntur
934 2855 1053 2918 equi
1074 2873 1085 2916 ;
1126 2869 1257 2916 quae
1283 2853 1451 2915 gratia
1474 2869 1680 2901 currum
