2148 3204
208 103 313 158 178
746 119 803 158 P.
847 120 1107 160 VERGILI
1145 121 1430 162 MARoms

208 256 345 313 Quin
368 262 420 305 et
445 273 687 321 supremo
710 274 825 307 cum
852 259 1049 308 lumine
1073 260 1187 309 vita
1210 261 1439 324 reliquit,
1897 273 1972 312 735

206 360 309 391 11011
334 350 509 392 tamen
533 361 682 393 omne
708 346 898 394 malum
929 348 1130 396 miseris
1157 364 1249 396 nec
1275 349 1518 398 fundibus
1543 366 1722 399 omnes

206 447 476 494 corporeae
503 434 760 482 excedunt
780 440 967 497 pestes,
995 435 1306 499 penitusque
1332 453 1541 485 necesse
1567 443 1646 486 est
1734 419 1753 445 ’ν

206 519 370 567 multa
396 520 485 568 diu
509 525 747 568 concreta
772 523 937 570 modis
964 523 1247 571 inolescere
1271 525 1433 572 miris.

205 607 344 668 Ergo
370 612 675 656 exercentur
701 608 882 671 poen-is
909 618 1247 673 veterumque
1273 612 1528 660 malorum

205 693 462 757 Supplicia
488 696 807 758 expendunt:
848 697 980 744 aliae
1008 698 1311 759 panduntur
1336 698 1516 748 inanes
1899 712 1970 748 740

206 797 483 844 suspensae
512 783 577 830 ad
604 788 802 844 ventos,
831 784 948 831 aliis
977 786 1073 833 sub
1099 786 1302 847 gurgite
1328 792 1479 835 vasto

204 869 458 916 infectum
485 870 677 917 eluitur
706 871 872 919 scelus
900 879 989 919 aut
1017 873 1253 920 exuritur
1279 874 1416 936 igni3
1759 888 1766 907 ⁰

204 956 421 1018 quisque
448 973 566 1005 31103
592 957 818 1020 patimur
844 958 1031 1007 Manis.
1102 960 1306 1008 Exinde
1332 978 1424 1024 per
1448 964 1680 1025 amplum

204 1043 461 1090 mittimur
486 1045 742 1106 Elysium,
772 1050 823 1093 et
848 1047 999 1108 pauci
1026 1047 1165 1095 laeta
1190 1064 1314 1096 arva
1337 1054 1589 1112 tenemus,

203 1130 363 1177 donec
387 1131 542 1192 longa
567 1132 695 1192 dies,
723 1134 955 1195 perfecto
981 1135 1229 1197 temporis
1256 1137 1377 1184 orbe
1519 1197 1523 1200 ἢ
1897 1149 1969 1186 745

203 1223 491 1265 concretam
521 1220 712 1267 exemit
738 1220 922 1280 labem,
955 1238 1245 1284 purumque
1271 1224 1522 1287 relinquit

203 1305 490 1363 aetherium
519 1322 729 1354 3611311111
755 1312 911 1369 atque
938 1316 1082 1356 aurai
1108 1309 1363 1372 simplicis
1389 1311 1577 1372 ignem.

205 1392 316 1439 Has
344 1392 528 1452 omnis,
557 1393 644 1441 ubi
670 1393 814 1441 mille
841 1401 1005 1442 rotam
1031 1396 1239 1444 volvere
1265 1414 1356 1460 per
1381 1415 1558 1458 annos,

203 1479 487 1525 Lethaeum
515 1480 580 1527 ad
605 1480 824 1528 fluvium
850 1482 975 1530 deus
1001 1488 1180 1531 evocat
1205 1485 1409 1546 agmine
1437 1502 1638 1547 magno,

204 1565 401 1613 scilicet
426 1566 750 1616 immemores
777 1584 963 1631 supera
987 1574 1045 1617 ut
1070 1586 1299 1619 convexa
1323 1563 1568 1633 revisant,
1896 1585 1968 1622 750

1578 1718 1654 1797 Η

202 1669 381 1700 11113113
408 1658 459 1700 et
484 1653 738 1718 incipiant
763 1655 818 1702 in
844 1672 1057 1719 corpora
1081 1658 1214 1706 velle
1240 1659 1463 1708 reverti.⁷

204 1822 422 1863 Anchises
437 1815 590 1873 points
612 1830 688 1865 out
710 1826 778 1865 the
791 1827 950 1877 future
973 1827 1125 1868 heroes
1147 1829 1200 1878 of
1214 1829 1366 1869 Rome.

269 1918 488 1966 Dixerat
517 1919 786 1981 Anchises,
812 1926 1095 1985 natumque
1121 1940 1326 1986 unaque
1355 1924 1606 1989 Sibyllam

202 2010 487 2053 conventus
513 2007 676 2054 trahit
701 2008 755 2054 in
781 2009 979 2057 medios
1005 2011 1312 2073 turbamque
1339 2019 1607 2059 sonantem

202 2095 254 2138 et
279 2092 535 2139 tumulum
563 2094 717 2156 capit,
745 2096 881 2143 unde
908 2097 1073 2144 omnis
1099 2097 1251 2159 longo
1277 2099 1455 2145 ordine
1482 2104 1657 2162 posset

203 2178 446 2226 adversos
473 2179 640 2240 legere
667 2187 718 2228 et
743 2183 1042 2230 venientum
1069 2184 1264 2232 discere
1286 2185 1474 2237 voltus.
1577 2163 1832 2255 μ’
1893 2199 1939 2235 75

791 2237 936 2253 ——Qo

1941 2200 1964 2235 ι’(

272 2266 452 2313 ‘Nunc
478 2282 586 2328 age,
613 2269 930 2317 Dardaniam
957 2271 1154 2333 prolem
1182 2287 1311 2334 quae
1338 2272 1523 2320 deinde
1551 2278 1799 2335 sequatur

204 2351 381 2413 gloria,
409 2353 498 2415 qui
525 2362 768 2403 maneant
793 2357 931 2404 Itala
957 2358 1019 2405 de
1046 2355 1198 2417 gente
1224 2365 1452 2421 nepotes,

203 2438 439 2488 inlustris
466 2442 664 2489 animas
691 2449 1025 2506 nostrumque
1054 2445 1107 2491 in
1133 2461 1319 2492 nomen
1344 2446 1509 2496 ituras

203 2526 471 2588 expediam
500 2528 653 2577 dictis
679 2535 730 2577 et
756 2535 807 2577 te
831 2535 922 2578 tua
957 2532 1070 2579 fata
1093 2532 1299 2585 docebO.
1401 2599 1404 2603 Δ

204 2613 317 2672 Ι116,
345 2614 507 2674 vides,
534 2632 664 2677 pura
688 2616 891 2665 iuvenis
918 2618 1005 2680 qui
1033 2618 1221 2666 nititur
1257 2620 1421 2681 hasta,
1891 2633 1961 2671 760

204 2700 442 2761 proxima
468 2708 605 2749 sorte
631 2707 773 2749 tenet
800 2704 929 2751 lucis
955 2704 1080 2763 loca,
1110 2705 1306 2767 primus
1333 2708 1397 2754 ad
1423 2724 1573 2757 auras

202 2786 459 2835 aetherias
486 2787 623 2836 Italo
648 2790 956 2839 commixtus
983 2792 1233 2853 sanguine
1259 2800 1450 2855 surget,
