2148 3204
731 153 1038 191 AENEIDOS
1076 154 1195 191 LIB.
1229 155 1314 192 VI.

107 283 109 285 ¹
145 295 196 342 N
201 310 256 342 ec
280 294 475 343 vidisse
502 293 659 342 semel
686 292 811 341 satis
839 295 945 352 est3
983 292 1130 341 iuvat
1153 309 1316 356 usque
1342 293 1530 342 morari

146 386 198 428 et
223 382 455 428 conferre
482 381 696 441 gradum
724 386 773 428 et
793 381 1039 430 veniendi
1066 381 1261 429 discere
1287 397 1481 429 causas.

145 468 218 515 At
243 469 481 515 Danaum
507 483 740 530 proceres
766 468 1307 530 Agamemnoniaeque
1332 468 1633 530 phalanges,

144 560 202 602 ut
228 555 402 602 Videre
430 554 597 602 virum
624 554 985 616 fulgentiaque
1011 570 1154 602 arina
1179 571 1269 618 per
1293 555 1517 617 umbras,

144 641 344 703 ingenti
369 642 627 705 trepidare
653 647 821 689 metu:
870 658 988 704 pars
1014 646 1214 690 vertere
1242 647 1399 704 terga,

144 744 236 776 ceu
261 729 518 791 quondam
543 729 736 791 petiere
761 733 924 789 rates3
963 744 1081 791 pars
1106 729 1288 777 tollere
1314 745 1491 777 vocem

142 815 396 878 exiguam,
418 815 654 880 inceptus
679 815 870 864 clamor
895 816 1181 864 frustratur
1204 816 1420 865 hiantis.

150 985 234 1025 The
256 987 343 1026 tale
366 986 418 1036 of
431 986 706 1035 Deiphobus.

207 1081 380 1143 Atque
406 1080 491 1128 hic
516 1080 817 1150 Priamiden
841 1079 1096 1128 laniatum
1122 1096 1331 1144 corpore
1356 1085 1469 1129 toto

140 1147 464 1230 fieifih‘g‘sstiin
494 1149 643 1228 ffidst,
669 1158 894 1215 lacerum
921 1151 1198 1216 crudeliter
1222 1184 1325 1229 ora,

140 1271 228 1302 ora
252 1271 536 1317 manusque
564 1255 753 1315 ambas,
780 1254 1130 1317 populataque
1156 1260 1388 1318 tempora
1411 1255 1578 1319 raptis

140 1342 349 1390 auribus
376 1347 427 1389 et
452 1347 660 1390 truncas
687 1341 962 1389 inhonesto
987 1342 1196 1389 volnere
1221 1343 1374 1390 naris.

138 1430 242 1478 Vix
267 1430 394 1477 adeo
420 1429 668 1490 adgnovit
694 1429 1018 1492 pavitantem
1043 1445 1100 1476 ac
1126 1429 1241 1476 dira
1262 1434 1527 1491 tegentem

139 1516 409 1579 supplicia,
437 1520 489 1564 et
513 1517 651 1564 notis
677 1515 954 1578 compellat
978 1515 1190 1564 vocibus
1216 1516 1382 1564 ultro:

138 1607 151 1630 ‘
172 1603 440 1666 Deiphobe
467 1604 799 1667 armipotens,
827 1619 989 1665 genus
1015 1603 1120 1651 alto
1145 1620 1176 1651 a
1200 1605 1451 1665 sanguine
1476 1605 1678 1668 Teucri,
1712 1635 1714 1638 >

138 1691 255 1753 quis
281 1696 387 1738 tam
413 1691 637 1739 crudelis
665 1691 865 1753 optavit
892 1706 1092 1739 sumere
1118 1707 1306 1753 poenas
1327 1694 1351 1739 ?

136 1777 235 1827 Cui
258 1782 459 1826 tantum
490 1779 552 1826 de
577 1782 628 1826 te
651 1776 803 1826 licuit
824 1779 849 1825 ἱ)
920 1777 1057 1825 Mihi
1082 1778 1224 1826 fama
1249 1793 1490 1841 suprema

135 1870 286 1913 nocte
311 1865 436 1913 tulit
461 1865 657 1914 fessum
680 1869 832 1913 vasta
855 1869 907 1913 te
933 1865 1087 1913 caede
1111 1865 1387 1927 Pelasgum

134 1952 469 2015 procubuisse
494 1968 649 2016 super
671 1953 917 2001 confusae
945 1952 1134 2013 stragis
1162 1968 1418 2004 acervum.

133 2040 281 2087 Tunc
307 2044 508 2101 egomet
531 2039 791 2087 tumulum
815 2039 1048 2087 Rhoeteo
1073 2039 1224 2087 litore
1250 2039 1454 2088 inanem

132 2125 388 2174 constitui
413 2131 465 2174 et
489 2143 675 2189 magna
699 2127 874 2175 Manis
899 2131 979 2174 ter
1003 2143 1126 2175 voce
1152 2127 1348 2176 vocavi.

60 2215 63 2219 ’
134 2214 337 2261 Nomen
362 2218 414 2261 et
438 2230 581 2262 arma
604 2214 774 2262 locum
800 2217 1041 2270 servant3
1079 2214 1172 2275 te,¹
1197 2214 1375 2275 amice,
1404 2214 1622 2278 nequivi

136 2301 431 2363 conspicere
457 2306 508 2349 et
532 2301 703 2364 patria
727 2302 979 2350 decedens
1004 2317 1195 2364 ponere
1219 2302 1394 2350 terra.⁷

135 2387 221 2435 Ad
247 2402 379 2449 quae
404 2387 693 2436 Priamides
715 2407 725 2436 :
767 2392 781 2417 ‘
798 2388 949 2435 Nihil
977 2405 1006 2436 o
1031 2388 1146 2449 tibi,
1172 2388 1349 2448 amice,
1377 2388 1651 2452 relictum;

135 2474 310 2522 omnia
333 2475 606 2537 Deiphobo
631 2475 837 2523 solvisti
862 2480 914 2523 et
939 2476 1135 2523 funeris
1160 2475 1371 2523 umbris.

137 2561 239 2608 Sed
263 2577 344 2608 me
369 2562 482 2609 fata
505 2578 620 2610 mea
643 2566 694 2610 et
720 2562 885 2611 scelus
912 2562 1122 2610 exitiale
1147 2563 1409 2624 Lacaenae

135 2647 220 2695 his
245 2663 467 2715 mersere
492 2648 674 2710 malis3
712 2649 806 2696 illa
831 2649 955 2697 haec
980 2653 1314 2697 monumenta
1337 2649 1565 2712 reliquit.

135 2732 187 2781 N
193 2749 378 2797 amque
401 2738 467 2782 ut
487 2750 780 2798 supremam
804 2736 942 2784 falsa
965 2736 1103 2783 inter
1128 2735 1317 2797 gaudia
1340 2740 1544 2783 noctem

686 2842 723 2880 1.
770 2844 819 2886 te,
840 2843 974 2880 amice
989 2854 1003 2880 .·
1030 2843 1311 2880 semi-hiatus.

1790 146 1892 194 169

1822 568 1893 604 490

1817 1181 1891 1217 495

1815 2051 1888 2088 505

1814 2485 1885 2523 510
