2148 3204
249 119 355 172 120
786 133 840 170 P.
886 133 1145 171 VERGILI
1182 132 1461 172 MARONIS

249 289 460 336 campus
487 277 539 321 et
563 272 753 336 apricis
781 272 939 321 statio
965 271 1264 334 gratissima
1293 271 1496 333 mergis.

250 361 355 409 Hic
381 360 599 407 viridem
628 361 828 408 Aeneas
854 359 1123 407 frondenti
1150 375 1211 406 ex
1239 358 1357 407 ilice
1383 363 1574 407 metam

248 447 520 496 constituit
547 448 752 508 signum
779 447 951 495 nautis
979 452 1139 509 pater,
1168 448 1303 494 unde
1329 446 1520 494 reverti
1926 456 1994 495 130

249 536 440 584 scirent
470 540 522 583 et
545 535 725 596 longos
754 534 843 582 ubi
871 534 1272 582 circumflectere
1300 550 1494 583 cursus.

247 624 379 670 Tum
403 622 516 670 loca
542 626 678 670 sorte
704 622 899 684 legunt,
930 622 1135 684 ipsique
1161 622 1217 668 in
1241 622 1504 685 puppibus
1530 637 1655 670 auro

248 711 486 758 ductores
512 709 666 771 longe
692 710 947 770 effulgent
975 714 1216 772 ostroque
1242 709 1439 772 decori3

247 803 416 846 cetera
440 798 662 860 populea
686 797 892 844 velatur
921 797 1104 844 fronde
1129 796 1374 849 ,iuventus

245 886 568 948 nudatosque
589 901 791 933 umeros
819 885 930 932 oleo
958 884 1171 946 perfusa
1194 884 1419 933 nitescit.
1925 896 1997 933 135

246 972 537 1022 Considunt
561 973 821 1033 transtris,
848 972 1155 1034 intentaque
1181 972 1421 1021 bracchia
1443 972 1628 1036 remis3

243 1060 433 1107 intenti
460 1064 764 1122 exspectant
792 1059 1013 1120 signum,
1043 1060 1463 1123 exsultantiaque
1489 1061 1664 1108 haurit

244 1148 399 1195 corda
422 1163 581 1209 pavor
607 1147 820 1209 pulsans
848 1147 1165 1209 laudunique
1191 1152 1390 1195 arrecta
1415 1147 1616 1210 cupido,

244 1235 375 1282 Inde
401 1235 489 1282 ubi
513 1234 652 1282 clara
677 1235 821 1282 dedit
849 1234 1073 1283 sonitum
1104 1235 1244 1295 tuba,
1270 1234 1462 1283 finibus
1489 1251 1681 1296 omnes,

243 1322 383 1370 haud
410 1338 564 1381 mora,
591 1322 875 1385 prosiluere
906 1321 1014 1370 suis
1035 1341 1045 1383 3
1085 1322 1210 1369 ferit
1237 1322 1447 1370 aethera
1471 1322 1662 1370 clamor
1929 1332 1999 1369 140

243 1410 498 1468 nauticus,
528 1409 765 1457 adductis
796 1415 1040 1473 spumant
1066 1411 1206 1457 freta
1230 1426 1380 1458 versa
1403 1409 1628 1457 lacertis.

243 1497 517 1544 Infindunt
542 1498 736 1560 pariter
763 1498 947 1558 sulcos,
976 1502 1249 1560 totumque
1274 1496 1498 1545 dehiscit

244 1583 546 1632 convolsum
574 1584 728 1633 remis
755 1585 1042 1647 rostrisque
1070 1585 1386 1633 tridentibus
1412 1601 1617 1646 aequor.

243 1673 362 1718 Non
387 1677 493 1720 tam
520 1672 828 1735 praecipites
854 1672 1030 1734 biiugo
1055 1672 1335 1720 certamine
1360 1687 1597 1735 campum

244 1759 534 1821 corripuere
558 1764 818 1821 ruuntque
846 1760 997 1807 effusi
1023 1775 1224 1807 carcere
1251 1775 1457 1820 currus3
1930 1769 2000 1807 145

243 1862 337 1894 nec
363 1847 434 1894 sic
460 1846 708 1894 immissis
735 1847 944 1908 aurigae
969 1847 1226 1895 undantia
1249 1847 1360 1894 lora

243 1949 544 1981 concussere
570 1933 707 1994 iugis
734 1935 990 1997 pronique
1017 1934 1071 1982 in
1098 1934 1312 1982 verbera
1335 1934 1581 1997 pendent.

243 2022 375 2067 Tum
403 2021 588 2083 plausu
615 2022 933 2083 fremituque
962 2021 1132 2068 Virum
1161 2022 1456 2083 studiisque
1482 2021 1749 2070 faventum

243 2113 490 2156 consonat
517 2123 665 2155 omne
692 2124 890 2169 nemus,
917 2124 1201 2170 vocemque
1225 2108 1427 2156 inclusa
1451 2108 1690 2156 volutant

243 2194 423 2256 litora;
464 2195 659 2257 pulsati
686 2195 842 2243 colles
869 2195 1090 2243 clamore
1116 2195 1384 2244 resultant.
1931 2206 1999 2244 150

211 2387 218 2393 ..
256 2364 342 2403 The
364 2365 562 2414 strugfflc
586 2365 773 2404 between
801 2364 919 2413 Gyas
942 2365 1032 2404 (cml
1058 2364 1315 2404 Cloanthus,

311 2459 509 2519 Effugit
535 2465 653 2506 ante
680 2459 809 2506 alios
837 2459 1124 2521 primisque
1151 2459 1374 2506 elabitur
1399 2459 1554 2508 undis

242 2547 446 2593 turbam
474 2546 610 2593 inter
637 2547 1008 2608 fremitumque
1036 2548 1208 2608 Gyas3
1248 2562 1396 2608 quem
1427 2547 1612 2594 deinde
1638 2546 1926 2595 Cloanthus

242 2634 589 2695 consequitur,
618 2634 798 2680 melior
824 2634 992 2694 remis,
1021 2634 1111 2681 sed
1137 2634 1360 2696 pondere
1388 2634 1540 2696 pinus

246 2720 394 2767 tarda
419 2725 573 2766 tenet.
647 2721 772 2767 Post
798 2719 891 2767 hos
918 2736 1080 2782 aequo
1105 2720 1401 2767 discrimine
1427 2720 1615 2768 Pristis

245 2808 638 2871 Centaurusque
664 2806 833 2854 locum
853 2808 1079 2855 tendunt
1106 2822 1346 2871 superare
1372 2806 1629 2872 priorem3
1927 2817 1997 2857 155
