2148 3204
237 97 304 149 36
770 107 824 145 P.
869 107 1130 145 VERGILI
1167 105 1450 144 MARoms

235 247 530 315 compositor
548 246 746 310 rumpit
769 262 947 294 vocem
972 249 1025 294 et
1050 260 1130 292 me
1157 244 1388 292 destinat
1413 259 1544 292 arae.

235 337 529 384 Adsensere
554 351 732 384 omnes
759 339 825 394 et,
853 349 983 396 quae
1011 332 1110 381 sibi
1136 332 1354 395 quisque
1379 331 1612 392 timebat,
1917 341 1987 378 130

235 414 389 472 unius
415 423 470 470 in
496 421 674 470 miseri
699 420 915 470 exitium
943 436 1190 468 conversa
1213 419 1392 467 tulere.

237 513 454 574 Iamque
481 510 592 559 dies
619 509 840 557 infanda
863 509 1056 568 aderat,
1085 507 1215 555 mihi
1244 508 1389 555 sacra
1412 505 1585 570 parari

237 604 289 647 et
315 598 481 647 salsae
506 598 683 660 fruges
709 602 761 644 et
786 595 975 644 circum
1003 600 1239 658 tempora
1264 594 1444 643 vittae.

198 714 217 745 χ
236 685 439 750 Eripui,
468 685 650 745 fateor,
676 683 784 731 leto
808 699 889 731 me
915 687 967 730 et
992 682 1202 730 vincula
1227 680 1346 745 rupi

236 774 523 836 limosoque
549 772 665 820 lacu
691 787 782 834 per
806 774 1009 818 noctem
1035 770 1283 835 obscurus
1307 769 1363 817 in
1387 769 1513 818 ulva
1919 778 1990 816 135

237 860 438 921 delitui,
460 861 582 907 dum
608 859 726 906 vela
750 859 949 919 darent,
977 856 1021 905 si
1046 857 1182 905 forte
1208 857 1489 906 dedissent.

237 949 348 996 Nec
374 947 504 995 mihi
530 947 635 994 iam
660 945 883 1010 patriam
904 944 1172 1007 antiquam
1203 960 1320 1008 spes
1344 945 1455 992 ulla
1479 943 1690 993 videndi

237 1051 331 1084 nec
357 1035 524 1084 dulcis
550 1039 699 1082 natos
727 1038 1132 1096 exoptatumque
1159 1037 1422 1101 parentem
1443 1050 1454 1094 3

239 1139 366 1186 quos
392 1122 473 1170 illi
498 1116 606 1170 'fors
632 1126 684 1169 et
710 1136 901 1184 poenas
928 1120 992 1168 ob
1017 1124 1199 1168 nostra
1225 1125 1497 1183 reposcent

234 1210 432 1272 ‚effugia
454 1213 507 1258 et
531 1209 736 1272 culpam
761 1209 895 1256 lianc
923 1207 1225 1256 miserorum
1254 1212 1417 1255 morte
1441 1198 1676 1270 piabunt.
1922 1215 1992 1252 140

238 1298 385 1355 Quod
409 1302 460 1345 te
486 1312 577 1359 per
604 1312 816 1359 superos
843 1301 894 1343 et
920 1295 1123 1343 conscia
1147 1295 1363 1342 numina
1390 1295 1515 1355 veri,

238 1402 329 1448 per
355 1384 400 1433 si
425 1401 527 1447 qua
552 1389 630 1432 est
656 1399 786 1446 quae
812 1387 976 1431 restat
1001 1382 1171 1431 adhuc
1195 1382 1500 1430 mortalibus
1523 1397 1743 1445 usquam

238 1473 549 1521 intemerata
572 1471 719 1532 fides,
747 1487 849 1532 oro,
877 1470 1121 1519 miserere
1145 1469 1379 1518 laborum

239 1565 519 1619 tantorum,
547 1558 791 1607 miserere
817 1557 980 1607 animi
1005 1574 1107 1606 non
1135 1558 1293 1620 digna
1317 1556 1571 1605 ferentis.'

239 1727 397 1768 Priam
417 1732 502 1768 sets
522 1727 613 1766 him
625 1727 736 1777 free.

307 1823 408 1871 His
435 1822 664 1870 lacrimis
691 1822 854 1870 vitam
880 1822 1064 1870 damus
1091 1826 1142 1869 et
1168 1819 1549 1869 miserescimus
1576 1818 1729 1868 ultro.
1927 1828 1997 1865 145

240 1911 361 1972 Ipse
388 1910 498 1957 viro
524 1910 722 1972 primus
749 1909 978 1958 manicas
1005 1915 1160 1972 atque
1188 1914 1302 1956 arta
1328 1907 1494 1955 levari

240 1997 413 2044 vincla
438 1996 581 2045 iubet
607 1997 846 2044 Priamus
873 1996 1130 2059 dictisque
1155 1996 1230 2043 ita
1255 1995 1397 2042 fatur
1422 1994 1627 2042 amicis:

243 2084 516 2146 ‘Quisquis
543 2099 611 2144 es,
639 2084 855 2132 amissos
882 2083 1003 2131 hinc
1028 2083 1132 2131 iam
1158 2081 1462 2130 obliviscere
1491 2082 1708 2142 Graios3

242 2176 417 2219 noster
443 2171 557 2218 eris.
632 2170 871 2233 Mihique
897 2171 1024 2218 haec
1050 2169 1277 2219 edissere
1302 2184 1423 2216 vera
1449 2168 1681 2229 roganti:
1774 2161 1813 2195 ’Υ

242 2259 353 2326 Q?
379 2258 564 2305 molem
589 2258 722 2305 hanc
748 2258 989 2306 immanis
1017 2257 1136 2320 equi
1163 2239 1428 2306 statuere?
1498 2256 1626 2313 Quis
1652 2260 1830 2303 auctor
1846 2257 1872 2303 ἵ)
1927 2268 1997 2304 150

243 2346 442 2402 Quidve
470 2350 654 2407 petunt
672 2348 697 2392 ⁴?
767 2345 909 2401 Quae
935 2344 1117 2407 religio
1143 2350 1232 2393 aut
1258 2361 1389 2407 quae
1414 2344 1655 2392 machina
1679 2342 1847 2391 belli?
1864 2344 1876 2368 ²

243 2433 477 2480 Dixerat.
550 2432 663 2492 Ille,
692 2432 824 2479 dolis
850 2431 1136 2480 instructus
1165 2437 1216 2480 et
1242 2437 1350 2480 arte
1375 2431 1614 2493 Pelasga,

245 2519 459 2567 sustulit
485 2524 666 2567 exutas
694 2518 880 2567 vinclis
906 2519 972 2566 ad
999 2519 1168 2566 sidera
1194 2519 1423 2581 palmas:

245 2607 392 2665 ‘Vos‚
421 2606 615 2653 aeterni
643 2606 803 2666 ignes,
830 2610 881 2652 et
906 2621 1005 2652 non
1034 2605 1276 2653 violabile
1302 2610 1531 2653 vestrum

244 2697 406 2741 testor
431 2693 652 2752 numen,'
680 2693 769 2751 ait,
799 2697 918 2740 ‘vos
946 2708 1062 2740 arae
1089 2707 1339 2754 ensesque
1373 2690 1604 2752 nefandi,
1925 2700 1994 2737 155

245 2795 372 2843 quos
398 2779 528 2841 fugi,
554 2779 821 2843 vittaeque
848 2779 1016 2840 deum,
1043 2795 1170 2842 quas
1198 2778 1370 2827 hostia
1394 2777 1562 2840 gessi:
