2148 3204
652 164 655 174 ,
720 127 1029 166 AENEIDOS
1068 127 1187 163 LIB.
1231 125 1276 165 I·

132 296 241 335 Dido
258 295 374 343 gives
393 293 460 331 the
484 291 664 338 Trojans
682 301 708 327 α
728 288 851 335 royal
868 287 1094 333 reception.

200 383 468 445 Obstipuit
492 387 660 444 primo
681 382 895 440 aspectu
923 375 1138 424 Sidonia
1160 374 1314 434 Dido,

132 480 255 521 casu
279 469 466 518 deinde
482 468 498 494 ¹
522 467 623 514 viri
647 470 809 525 tanto,
837 468 889 511 et
916 471 988 511 sic
1012 471 1097 510 ore
1121 462 1294 509 locuta
1319 464 1425 508 est:

134 565 146 589 ‘
162 558 286 616 Quis
312 562 380 617 te,
405 560 525 603 nate
553 555 662 614 dea,
688 568 780 616 per
805 556 955 599 tanta
978 548 1210 613 pericula
1235 556 1382 596 casus

133 644 426 708 insequitur
444 645 470 690 ’.Ρ
541 642 680 698 Quae
706 647 786 687 vis
812 637 1128 685 immanibus
1154 634 1385 699 applicat
1411 641 1513 682 oris
1534 634 1560 681 ?

135 735 280 781 Tune
307 731 396 778 ille
421 730 640 788 Aeneas,
670 742 822 789 quem
848 722 1145 773 Dardanio²
1168 722 1428 770 Anchisae

136 820 273 868 alma
296 819 474 867 Venus
498 813 723 878 Phrygii
749 812 929 875 genuit
956 811 1235 878 Simoentis
1261 810 1327 857 ad
1351 808 1544 856 undam
1562 809 1588 855 ?

137 909 311 969 Atque
337 904 578 967 equidem
603 903 859 949 Teucrum
885 898 1099 946 memini
1125 898 1319 945 Sidona
1341 903 1519 943 venire

138 994 335 1042 finibus
362 990 637 1053 expulsum
664 975 862 1051 patriis,
889 1002 1024 1033 nova
1047 993 1206 1046 regna
1227 987 1492 1047 petentem

138 1080 336 1130 auxilio
361 1078 505 1138 Beli3
544 1075 747 1139 genitor
772 1079 886 1122 tum
910 1073 1067 1120 Belus
1094 1079 1319 1135 opimam

140 1168 382 1216 vastabat
402 1166 632 1229 Cyprum
658 1167 710 1210 et
734 1161 901 1210 victor
927 1159 1128 1208 dicione
1153 1158 1378 1206 tenebat.

141 1257 393 1317 Tempore
417 1253 522 1300 iam
546 1267 611 1299 ex
633 1250 728 1298 illo
754 1257 902 1297 casus
928 1247 1058 1295 mihi
1083 1245 1321 1307 cognitus
1345 1242 1489 1292 urbis

143 1342 395 1390 Troianae
418 1348 709 1400 nomenque
732 1342 881 1384 tuum
907 1343 1155 1396 regesque
1180 1332 1405 1394 Pelasgi.

142 1430 264 1492 Ipse
282 1426 453 1476 hostis
480 1428 704 1474 Teucros
730 1423 927 1485 insigni
951 1422 1103 1469 laude
1128 1420 1330 1467 ferebat

145 1525 299 1578 seque
327 1520 494 1563 ortum
521 1518 738 1574 antiqua
765 1512 1077 1558 Teucrorum
1102 1508 1167 1556 ab
1193 1506 1356 1569 stirpe
1383 1505 1603 1553 volebat.

144 1605 312 1661 Quare
338 1602 490 1663 agite,
517 1608 546 1648 o
571 1604 740 1660 tectis,
767 1599 995 1657 iuvenes,
1023 1594 1280 1643 succedite
1306 1598 1512 1641 nostris.

145 1692 232 1738 Me
258 1705 463 1752 quoque
487 1703 578 1751 per
604 1686 795 1733 multos
823 1684 1008 1733 similis
1034 1683 1246 1730 fortfina
1269 1680 1471 1728 labores

146 1778 391 1826 iactatam
415 1775 512 1823 hac
538 1776 746 1822 demum
770 1772 938 1820 voluit
963 1769 1244 1818 consistere
1269 1772 1422 1816 terra.

144 1866 268 1913 Non
291 1865 474 1925 ignara
496 1861 623 1909 mali
647 1861 851 1908 miseris
878 1872 1171 1907 succurrere
1197 1854 1372 1903 disco.'

149 1953 233 2000 Sic
259 1953 535 2020 memorat3
597 1947 751 1997 simul
776 1947 990 1994 Aenean
1015 1944 1070 1992 in
1094 1943 1236 2004 regia
1260 1941 1405 1990 dsicit

146 2043 300 2099 tecta,
328 2037 482 2086 simul
508 2037 686 2084 divum
709 2033 920 2096 templis
947 2031 1131 2079 indicit
1155 2031 1418 2078 honorem.

147 2127 267 2196 Nec
284 2125 457 2172 minus
480 2124 681 2171 interea
706 2121 857 2170 sociis
883 2120 950 2167 ad
972 2119 1129 2166 litora
1153 2116 1320 2164 mittit

149 2213 339 2274 viginti
362 2216 552 2271 tauros,
579 2217 883 2270 magnorum
908 2205 1175 2254 horrentia
1198 2208 1405 2251 centum

148 2304 295 2360 terga
319 2315 482 2359 suum,
508 2297 719 2361 pinguis
743 2299 953 2344 centum
978 2309 1094 2341 cum
1119 2290 1372 2339 matribus
1397 2295 1574 2350 agnos,

151 2395 364 2434 munera
386 2385 745 2446 laetitiamque
771 2382 860 2430 dii.

152 2475 226 2522 At
250 2456 432 2521 domus
457 2471 673 2519 interior
697 2470 859 2530 regali
879 2466 1155 2531 splendida
1174 2464 1305 2513 laxi]

152 2560 445 2620 instruitur,
469 2558 758 2620 mediisque
783 2561 971 2619 parant
996 2553 1237 2602 convivia
1258 2556 1441 2599 tectis:

154 2652 263 2695 arte
286 2647 547 2694 laboratae
573 2648 744 2692 vestes
770 2648 1012 2704 ostroque
1039 2640 1274 2703 superbo,

152 2733 336 2794 ingens
361 2736 631 2794 argentum
657 2736 864 2789 mensis,
891 2728 1188 2789 caelataque
1213 2724 1268 2772 in
1293 2731 1417 2772 auro

358 2832 395 2870 1.
426 2819 591 2870 deAinde.
917 2830 952 2865 2.
989 2826 1215 2865 Dardanio
1235 2824 1242 2871 Ι
1265 2824 1502 2861 Anchisae:
1530 2821 1689 2860 hiatus.

1807 107 1875 160 25

1812 553 1883 590 615

1817 988 1886 1025 620

1819 1424 1892 1461 625
