2148 3204
721 122 1028 161 AENEIDos
1067 123 1197 167 ΜΒ,
1232 121 1300 157 11.

150 270 238 310 The
258 280 408 318 enemy
422 278 542 318 pour
562 267 622 306 in.

209 355 281 401 At
307 354 488 400 domus
514 350 730 398 interior
758 347 956 410 gemitu
981 345 1270 407 miseroque
1297 343 1527 391 tumultu

143 422 405 501 miscetur,
432 438 746 502 penitusque
773 450 926 482 cavae
953 432 1287 496 plangoribus
1315 431 1466 478 aedes

142 527 386 577 femineis
412 525 616 573 ululant
637 543 647 584 3
676 523 801 570 ferit
826 536 980 569 aurea
1005 520 1176 568 sidera
1200 518 1405 566 clamor.

144 619 275 665 Tum
301 614 520 678 pavidae
545 611 698 675 tectis
724 614 914 657 matres
939 606 1240 668 ingentibus
1269 611 1443 653 errant

145 704 515 767 amplexaeque
541 703 721 747 tenent
746 696 912 760 postis
938 700 1093 757 atque
1123 693 1298 741 oscula
1323 693 1506 754 figunt.

145 793 321 839 Instat
346 791 398 837 vi
422 788 595 852 patria
618 786 879 850 Pyrrhus:
917 799 1010 831 nec
1036 784 1264 831 claustra
1289 799 1381 830 nec
1406 782 1510 845 ipsi

145 879 383 927 custodes
411 876 625 925 sufferre
649 874 854 933 valent3
892 872 1034 919 labat
1060 870 1246 918 ariete1
1273 870 1449 918 crebro

146 967 301 1014 ianua
320 970 370 1012 et
396 964 553 1012 emoti
578 962 922 1025 procumbunt
947 960 1155 1008 cardine
1185 964 1374 1022 postes.

147 1054 232 1102 Fit
255 1052 340 1101 Via
365 1052 446 1113 vi3
474 1055 722 1113 rumpunt
748 1048 918 1096 aditus
948 1048 1242 1110 primosque
1273 1045 1538 1093 trucidant

147 1140 369 1189 immissi
393 1137 564 1187 Danai
589 1143 641 1185 et
664 1137 769 1185 late
795 1137 908 1184 loca
934 1135 1101 1182 milite
1131 1134 1407 1196 complent.

147 1229 268 1276 Non
294 1227 381 1288 sic,
409 1211 682 1288 aggeribus
708 1224 877 1286 ruptis
904 1239 1018 1270 cum
1049 1237 1292 1284 spumeus
1319 1218 1487 1267 amnis

149 1314 257 1364 exit
281 1314 649 1378 oppositasque
674 1312 832 1360 evicit
858 1311 1060 1372 gurgite
1086 1308 1266 1368 moles,

148 1404 317 1452 fertur
340 1401 397 1449 in
420 1417 544 1449 arva
568 1401 749 1448 furens
773 1398 981 1446 cumulo
1007 1411 1319 1458 camposque
1348 1410 1438 1457 per
1463 1392 1631 1441 omnis

150 1507 266 1538 cum
294 1488 512 1537 stabulis
538 1492 770 1535 armenta
794 1485 970 1533 trahit.
1042 1484 1165 1532 Vidi
1191 1483 1304 1546 ipse
1329 1483 1589 1529 furentem

149 1578 304 1626 caede
328 1575 730 1639 Neoptolemum
756 1573 1089 1634 geminosque
1115 1571 1170 1617 in
1193 1571 1375 1617 limine
1401 1568 1632 1628 Atridas,

151 1665 262 1712 Vidi
287 1664 556 1712 Hecubam
583 1666 893 1723 centumque
914 1676 1073 1707 nurus
1099 1658 1471 1718 Priamumque
1497 1670 1588 1718 per
1614 1670 1728 1702 aras

155 1751 403 1812 sanguine
428 1750 740 1809 foedantem,
767 1763 894 1810 quos
921 1747 1032 1809 ipse
1060 1749 1366 1802 sacraverat,
1395 1742 1543 1803 ignis.

155 1838 543 1900 Quinquaginta
566 1836 648 1883 illi
673 1834 907 1895 thalami,
936 1849 1053 1896 spes
1080 1838 1229 1880 tanta
1255 1835 1518 1894 nepotum,

156 1925 420 1975 barbarico
445 1928 620 1987 postes
646 1938 770 1970 auro
796 1921 1081 1984 spoliisque
1109 1918 1330 1982 superbi,

155 2013 497 2077 procubuere3
535 2015 717 2058 tenent
742 2007 926 2069 Danai,
954 2023 1056 2070 qua
1080 2006 1256 2055 deficit
1282 2004 1432 2067 ignis.

166 2181 253 2221 The
275 2181 385 2231 ayed
405 2180 563 2220 Priam
585 2180 625 2218 is
643 2178 778 2228 ready
797 2164 840 2218 to'
863 2177 930 2217 die
953 2189 1003 2217 as
1024 2189 1051 2216 a
1072 2176 1247 2216 soldier.

225 2275 466 2323 Forsitan
491 2280 555 2335 et,
583 2272 780 2321 Priami
804 2272 1002 2320 fuerint
1028 2287 1157 2333 quae
1182 2271 1309 2330 fata,
1336 2267 1582 2330 requiras,

161 2363 322 2413 Urbis
347 2361 428 2410 uti
452 2366 632 2423 captae
659 2376 832 2408 casum
858 2359 1204 2419 convolsaque
1230 2357 1366 2404 vidit

160 2450 345 2498 limina
366 2453 620 2496 tectorum
645 2452 696 2495 et
720 2447 949 2507 medium
974 2445 1028 2492 in
1055 2444 1408 2507 penetralibus
1434 2442 1655 2500 hostem,

162 2552 304 2585 arma
328 2536 418 2583 diu
444 2535 614 2584 senior
639 2534 854 2582 desueta
876 2531 1216 2579 trementibus
1242 2545 1367 2577 aevo

162 2623 448 2671 circumdat
470 2621 786 2683 nequiquam
812 2619 1004 2666 umeris
1030 2623 1082 2665 et
1106 2617 1294 2665 inutile
1319 2616 1517 2662 ferrum

163 2708 391 2771 cingitur
415 2723 474 2756 ac
499 2708 685 2756 densos
710 2707 877 2754 fertur
902 2705 1182 2752 moriturus
1208 2704 1262 2750 in
1288 2702 1470 2750 hostis.

688 2813 724 2864 L
758 2812 891 2850 ariete
907 2821 921 2848 :
948 2810 1054 2847 with
1072 2807 1351 2846 consonantal
1368 2807 1399 2843 i.

1762 1711 1796 1747 je

1818 104 1887 154 49

1825 700 1896 737 490

1826 1137 1898 1173 495

1832 1573 1904 1611 500

1837 2011 1908 2047 505

1842 2620 1908 2657 510
