2148 3204
233 90 338 144 168
770 105 824 143 Ρ.
871 105 1128 143 VERGILI
1166 103 1448 141 MARONIs

231 260 323 309 per
349 259 575 307 superos,
602 249 654 292 61
679 244 723 292 61
748 260 851 307 6116
874 243 1002 291 fides
1029 244 1215 308 tellure
1243 242 1338 291 sub
1362 242 1467 290 ima
1490 245 1583 304 est,

230 332 444 392 invitus,
471 331 664 393 regina,
689 335 781 379 tuo
807 332 868 379 de
891 331 1043 379 litore
1069 330 1214 379 cessi.
1327 389 1332 393 ,
1913 339 1986 376 460

232 420 333 468 Sed
357 435 438 466 me
464 419 605 467 iussa
629 419 797 479 deum,
825 434 954 481 6666
981 434 1117 465 611116
1142 418 1236 465 1166
1263 418 1338 465 116
1364 433 1453 480 per
1479 416 1703 476 umbras,

232 523 321 570 per
346 507 458 554 loca
483 507 630 555 se'nta
655 506 760 554 situ
785 511 975 568 cogunt
1002 510 1306 567 noctemque
1333 503 1662 567 profundam,

177 662 179 665 Α
231 593 461 665 imperiis
488 587 635 655 egere
668 594 804 655 suis;
842 609 935 641 nec
963 593 1167 640 credere
1196 592 1342 655 quivi

230 681 365 730 hunc
395 686 596 730 tantum
621 681 719 729 tibi
745 697 825 729 me
854 682 1084 729 discessu
1112 680 1248 728 ferre
1274 679 1517 729 dolorem.
1987 739 1989 741 Ι

232 768 367 817 Siste
393 769 606 830 gradum
632 775 785 831 teque
813 773 1025 831 aspectu
1051 784 1114 815 116
1144 767 1388 816 subtrahe
1414 772 1603 815 nostro.
1916 775 1988 812 465

230 856 390 913 Quem
416 856 557 917 fugis
579 858 603 904 ?
674 857 980 904 Extremum
1007 857 1134 917 fato,
1163 856 1300 918 quod
1326 860 1377 902 te
1404 854 1670 917 adloquor,
1696 853 1794 902 hoc
1819 853 1929 901 est.7

229 942 444 1000 Talibus
471 944 674 1011 Aeneas
701 944 967 998 ardentem
995 948 1046 991 61
1071 948 1220 991 torva
1238 946 1472 991 tuentem

228 1029 426 1099 lQbass
450 1031 604 1080 dictis
632 1031 859 1079 animum
888 1031 1231 1093 lacrimasque
1267 1029 1450 1079 ciebat.

228 1118 333 1166 Illa
357 1118 467 1167 solo
492 1118 622 1166 fixos
649 1119 822 1166 6611166
849 1134 1031 1166 aversa
1056 1118 1266 1166 tenebat

228 1221 323 1253 666
348 1206 511 1267 magis
537 1206 745 1269 incepto
771 1205 969 1254 voltum
997 1221 1231 1254 sermone
1258 1202 1523 1265 movetur,
1917 1212 1990 1249 470

229 1309 381 1356 quam
410 1293 453 1341 61
474 1293 602 1341 dura
628 1293 759 1341 silex
785 1299 875 1341 aut
901 1298 1003 1342 6161
1029 1293 1293 1356 Marpesia
1319 1297 1512 1341 cautes.

228 1380 461 1428 Tandem
481 1380 731 1443 corripuit
758 1396 869 1429 sese
895 1386 1051 1443 atque
1077 1380 1289 1428 inimica
1313 1379 1511 1440 refugit

228 1467 284 1515 in
308 1483 490 1516 nemus
515 1468 873 1529 umbriferum,
901 1468 1124 1516 coniunx
1148 1468 1236 1515 ubi
1261 1466 1514 1530 pristinus
1539 1466 1622 1514 illi

228 1556 506 1618 respondet
531 1555 668 1604 curis
694 1560 986 1618 aequatque
1015 1555 1277 1619 Sychaeus
1304 1570 1544 1602 amorem.

228 1642 341 1690 Nec
365 1642 537 1691 minus
564 1643 783 1704 Aeneas,
810 1658 932 1691 66611
958 1658 1235 1691 666666666
1261 1641 1455 1704 161666,
1914 1648 1989 1685 475

229 1728 560 1793 prosequitur
578 1730 807 1780 lacrimis
832 1729 984 1792 longe
1011 1735 1062 1778 61
1087 1730 1364 1778 miseratur
1389 1733 1611 1777 euntem.

237 1895 323 1936 The
344 1897 465 1936 30qu
486 1896 541 1947 of
552 1897 779 1937 warriors.

298 1991 427 2039 Inde
453 1991 632 2039 datum
659 1992 872 2040 molitur
896 1991 1008 2040 iter.
1083 1992 1299 2054 Iamque
1325 2006 1448 2038 arva
1472 1989 1721 2038 tenebant

230 2078 431 2139 ultima,
458 2095 588 2141 6666
614 2079 750 2128 bello
775 2079 903 2127 clari
929 2083 1128 2128 secreta
1152 2079 1506 2142 frequentant.

232 2166 336 2214 Hic
358 2166 439 2213 illi
466 2166 688 2214 occurrit
713 2167 938 2230 Tydeus,
964 2166 1049 2214 hic
1075 2165 1304 2213 inclutus
1331 2164 1486 2214 armis

232 2253 655 2316 Parthenopaeus
682 2258 735 2301 et
761 2253 976 2302 Adrasti
1002 2253 1249 2316 pallentis
1275 2251 1459 2313 imago.
1560 2244 1565 2249 ⁷
1913 2259 1988 2297 480

233 2340 337 2388 Hic
363 2341 585 2388 multum
612 2340 722 2389 fieti
748 2342 814 2389 ad
841 2356 1053 2403 superos
1081 2340 1320 2402 belloque
1348 2338 1528 2387 caduci

232 2427 578 2488 Dardanidae,
607 2444 735 2490 quos
761 2428 851 2475 ille
878 2428 1044 2475 onmis
1071 2427 1224 2488 longo
1249 2427 1428 2474 ordine
1454 2441 1667 2474 cernens

233 2513 500 2576 ingemuit,
527 2515 886 2577 Glaucumque
913 2515 1262 2576 Medontaque
1289 2513 1803 2576 Thersilochumque,

233 2601 328 2651 tris
356 2601 721 2662 Antenoridas,
750 2601 1024 2663 Cererique
1060 2616 1259 2648 sacrum
1288 2600 1623 2663 Polyboeten,

234 2688 550 2750 Idaeumque
578 2688 733 2736 etiam
762 2704 955 2748 currus,
983 2686 1141 2735 etiam
1167 2703 1311 2734 arma
1335 2692 1610 2734 tenentem.
1914 2695 1986 2756 485

234 2774 587 2824 Circumstant
611 2774 813 2823 animae
839 2775 1025 2823 dextra
1050 2774 1299 2837 laevaque
1324 2774 1639 2836 frequentes.
