2148 3204
762 594 1244 665 AENEIDOS

829 806 1050 856 LIBER
1097 805 1204 856 ΙΙΙ.

145 999 230 1041 The
257 999 445 1050 Trojans
464 996 592 1039 build
612 1009 639 1038 a
650 997 756 1047 fleet
776 996 868 1037 and
885 1000 949 1036 set
971 996 1072 1036 sail.

202 1103 486 1164 Postquam
508 1116 592 1148 res
618 1099 776 1147 Asiae
802 1098 1100 1160 Priamique
1128 1102 1356 1146 evertere
1382 1102 1589 1160 gentem

137 1189 448 1238 immeritam
473 1187 641 1235 visum
671 1184 871 1248 superis
898 1184 1187 1247 ceciditque
1214 1185 1491 1247 superbum

137 1277 294 1325 Ilium
321 1282 373 1324 et
398 1275 565 1324 omnis
592 1273 749 1321 humo
774 1273 943 1320 fumat
968 1272 1240 1335 Neptunia
1264 1271 1434 1334 Troia,

137 1364 344 1413 diversa
367 1362 554 1411 exsilia
579 1366 630 1409 et
656 1361 889 1408 desertas
917 1374 1161 1422 quaerere
1190 1364 1354 1408 terras
1395 1356 1400 1359 ’

136 1451 367 1512 auguriis
393 1449 595 1511 agimur
620 1448 797 1496 divum
826 1446 1147 1509 classemque
1174 1447 1268 1495 sub
1293 1446 1410 1510 ipsa

136 1538 411 1586 Antandro
436 1542 488 1586 et
512 1537 772 1601 Phrygiae
799 1536 1042 1583 molimur
1070 1535 1331 1583 montibus
1357 1534 1499 1595 Idae,

136 1624 335 1684 incerti,
363 1641 464 1689 quo
488 1625 599 1672 fata
623 1625 811 1682 ferant,
838 1623 928 1672 ubi
958 1622 1140 1671 sistere
1171 1622 1337 1682 detur,

136 1713 592 1775 contrahimusque
618 1711 771 1759 viros.
843 1711 947 1760 Vix
974 1710 1143 1773 prima
1168 1710 1432 1772 inceperat
1455 1713 1642 1772 aestas,

138 1805 189 1848 et
213 1805 360 1863 pater
384 1799 641 1847 Anchises
668 1800 789 1846 dare
815 1798 943 1847 fatis
970 1798 1087 1846 vela
1111 1797 1351 1845 iubebat:

136 1887 292 1935 litora
315 1902 431 1934 oum
457 1886 655 1950 patriae
680 1886 956 1934 lacrimans
983 1891 1266 1949 portusque
1292 1884 1529 1946 relinquo

138 1979 190 2023 et
214 1989 437 2037 campos,
465 1974 554 2021 ubi
579 1973 735 2021 Troia
759 1972 878 2021 fuit.
951 1974 1110 2020 Feror
1128 1971 1283 2020 -exsul
1310 1971 1364 2018 in
1390 1971 1557 2019 altum

136 2077 252 2110 oum
281 2061 433 2110 sociis
458 2066 696 2124 natoque,
722 2061 1007 2109 Penatibus
1034 2064 1084 2109 et
1108 2057 1312 2122 magnis
1337 2057 1435 2108 dis.

137 2236 181 2279 A
201 2242 317 2278 town
337 2239 379 2278 is
387 2237 592 2288 founded
611 2239 658 2278 in
687 2238 868 2279 Thrace.

207 2340 365 2388 Terra
388 2330 566 2403 proo⁴u1
591 2339 753 2389 vastis
779 2340 967 2388 colitur
992 2338 1254 2388 Mavortia
1279 2336 1477 2400 eampis

139 2425 386 2491 (Thraces
412 2428 601 2494 arant),
630 2426 735 2476 aori
762 2428 1020 2489 quondam
1048 2431 1262 2488 regnata
1290 2426 1548 2489 Lycurgo,

139 2512 426 2577 hospitium
450 2499 722 2577 antiquum
747 2510 934 2562 Troiae
965 2513 1192 2576 sociique
1218 2515 1458 2570 Penates,

141 2601 263 2649 dum
287 2601 502 2649 fortuna
525 2601 647 2650 fuit.
722 2602 881 2649 Feror
905 2601 1006 2648 huo
1032 2605 1084 2649 et
1110 2600 1261 2648 litore
1288 2614 1445 2647 curvo

141 2688 345 2736 moenia
367 2687 538 2751 prima
558 2687 685 2748 loeo,
712 2681 838 2735 fati‘s
865 2686 1127 2748 ingressus
1154 2685 1366 2749 iniquis,

144 2774 516 2838 Aeneadasque
541 2790 654 2822 meo
678 2790 864 2821 nomen
891 2774 954 2829 de·
979 2772 1187 2822 nomine
1213 2773 1367 2833 fingo.

993 2862 1045 2901 61

1844 1892 1892 1932 10
