<?xml version="1.0" encoding="UTF-8"?>
<!DOCTYPE html PUBLIC "-//W3C//DTD XHTML 1.0 Transitional//EN"
    "http://www.w3.org/TR/xhtml1/DTD/xhtml1-transitional.dtd">
<html xmlns="http://www.w3.org/1999/xhtml" xml:lang="en" lang="en">
 <head>
  <title>
</title>
<meta http-equiv="Content-Type" content="text/html;charset=utf-8" />
  <meta name='ocr-system' content='tesseract 3.04.00' />
  <meta name='ocr-capabilities' content='ocr_page ocr_carea ocr_par ocr_line ocrx_word'/>
</head>
<body>
  <div class='ocr_page' id='page_1' title='image "./virgilsaeneidboo00virgrich_0196.png"; bbox 0 0 2148 3204; ppageno 0'>
   <div class='ocr_carea' id='block_1_1' title="bbox 235 120 1444 171">
    <p class='ocr_par' dir='ltr' id='par_1_1' title="bbox 235 120 1444 171">
     <span class='ocr_line' id='line_1_1' title="bbox 235 120 1444 171; baseline -0.004 0"><span class='ocrx_word' id='word_1_1' title='bbox 235 120 339 171; x_wconf 84' lang='lat'>104</span> <span class='ocrx_word' id='word_1_2' title='bbox 770 132 824 169; x_wconf 84' lang='lat' dir='ltr'>P.</span> <span class='ocrx_word' id='word_1_3' title='bbox 869 130 1127 169; x_wconf 82' lang='lat' dir='ltr'>VERGILI</span> <span class='ocrx_word' id='word_1_4' title='bbox 1164 128 1444 166; x_wconf 79' lang='lat' dir='ltr'>MARONIS</span> 
     </span>
    </p>
   </div>
   <div class='ocr_carea' id='block_1_2' title="bbox 233 266 1833 1120">
    <p class='ocr_par' dir='ltr' id='par_1_2' title="bbox 235 266 1517 334">
     <span class='ocr_line' id='line_1_2' title="bbox 235 266 1517 334; baseline -0.004 -15"><span class='ocrx_word' id='word_1_5' title='bbox 235 287 326 320; x_wconf 90' lang='lat' dir='ltr'>nec</span> <span class='ocrx_word' id='word_1_6' title='bbox 353 270 516 334; x_wconf 90' lang='lat' dir='ltr'>patris</span> <span class='ocrx_word' id='word_1_7' title='bbox 538 268 799 318; x_wconf 75' lang='lat' dir='ltr'>Anchisae</span> <span class='ocrx_word' id='word_1_8' title='bbox 825 268 1022 316; x_wconf 83' lang='lat' dir='ltr'>cineres</span> <span class='ocrx_word' id='word_1_9' title='bbox 1042 267 1280 316; x_wconf 82' lang='lat' dir='ltr'>Manisve</span> <span class='ocrx_word' id='word_1_10' title='bbox 1307 266 1517 329; x_wconf 83' lang='lat' dir='ltr'>revelli3</span> 
     </span>
    </p>

    <p class='ocr_par' dir='ltr' id='par_1_3' title="bbox 234 355 1584 419">
     <span class='ocr_line' id='line_1_3' title="bbox 234 355 1584 419; baseline -0.004 -12"><span class='ocrx_word' id='word_1_11' title='bbox 234 375 323 407; x_wconf 90' lang='lat' dir='ltr'>cur</span> <span class='ocrx_word' id='word_1_12' title='bbox 348 375 461 407; x_wconf 89' lang='lat' dir='ltr'>mea</span> <span class='ocrx_word' id='word_1_13' title='bbox 486 358 627 405; x_wconf 90' lang='lat' dir='ltr'>dicta</span> <span class='ocrx_word' id='word_1_14' title='bbox 652 361 806 419; x_wconf 87' lang='lat' dir='ltr'>negat</span> <span class='ocrx_word' id='word_1_15' title='bbox 832 356 988 404; x_wconf 87' lang='lat' dir='ltr'>duras</span> <span class='ocrx_word' id='word_1_16' title='bbox 1016 355 1289 403; x_wconf 72' lang='lat' dir='ltr'>demittere</span> <span class='ocrx_word' id='word_1_17' title='bbox 1315 355 1370 402; x_wconf 91' lang='lat' dir='ltr'>in</span> <span class='ocrx_word' id='word_1_18' title='bbox 1401 355 1540 403; x_wconf 86' lang='lat' dir='ltr'>auris</span> <span class='ocrx_word' id='word_1_19' title='bbox 1559 356 1584 402; x_wconf 85' lang='lat'>?</span> 
     </span>
    </p>

    <p class='ocr_par' dir='ltr' id='par_1_4' title="bbox 234 440 1833 596">
     <span class='ocr_line' id='line_1_4' title="bbox 234 440 1833 504; baseline -0.004 -9"><span class='ocrx_word' id='word_1_20' title='bbox 234 447 346 504; x_wconf 81' lang='lat' dir='ltr'>Quo</span> <span class='ocrx_word' id='word_1_21' title='bbox 371 446 475 494; x_wconf 87' lang='lat' dir='ltr'>ruit</span> <span class='ocrx_word' id='word_1_22' title='bbox 497 446 521 493; x_wconf 86' lang='lat'>?</span> <span class='ocrx_word' id='word_1_23' title='bbox 592 446 899 492; x_wconf 86' lang='lat' dir='ltr'>Extremum</span> <span class='ocrx_word' id='word_1_24' title='bbox 925 444 1021 491; x_wconf 98' lang='grc'>1100</span> <span class='ocrx_word' id='word_1_25' title='bbox 1047 442 1266 491; x_wconf 78' lang='lat' dir='ltr'>miserae</span> <span class='ocrx_word' id='word_1_26' title='bbox 1292 443 1381 490; x_wconf 90' lang='lat' dir='ltr'>det</span> <span class='ocrx_word' id='word_1_27' title='bbox 1405 458 1593 490; x_wconf 86' lang='lat' dir='ltr'>munus</span> <span class='ocrx_word' id='word_1_28' title='bbox 1619 440 1833 501; x_wconf 89' lang='lat' dir='ltr'>amanti,</span> 
     </span>
     <span class='ocr_line' id='line_1_5' title="bbox 234 529 1611 596; baseline -0.004 -15"><span class='ocrx_word' id='word_1_29' title='bbox 234 538 499 596; x_wconf 84' lang='lat' dir='ltr'>exspectet</span> <span class='ocrx_word' id='word_1_30' title='bbox 524 532 835 594; x_wconf 80' lang='lat' dir='ltr'>facilemque</span> <span class='ocrx_word' id='word_1_31' title='bbox 861 531 1040 592; x_wconf 84' lang='lat' dir='ltr'>fugam</span> <span class='ocrx_word' id='word_1_32' title='bbox 1068 534 1352 592; x_wconf 81' lang='lat' dir='ltr'>ventosque</span> <span class='ocrx_word' id='word_1_33' title='bbox 1378 529 1611 577; x_wconf 89' lang='lat' dir='ltr'>ferentis.</span> 
     </span>
    </p>

    <p class='ocr_par' dir='ltr' id='par_1_5' title="bbox 233 617 1687 681">
     <span class='ocr_line' id='line_1_6' title="bbox 233 617 1687 681; baseline -0.003 -13"><span class='ocrx_word' id='word_1_34' title='bbox 233 621 354 668; x_wconf 86' lang='lat' dir='ltr'>Non</span> <span class='ocrx_word' id='word_1_35' title='bbox 380 621 481 668; x_wconf 88' lang='lat' dir='ltr'>iam</span> <span class='ocrx_word' id='word_1_36' title='bbox 510 619 806 680; x_wconf 76' lang='lat' dir='ltr'>Coniugium</span> <span class='ocrx_word' id='word_1_37' title='bbox 832 619 1119 681; x_wconf 84' lang='lat' dir='ltr'>antiquum,</span> <span class='ocrx_word' id='word_1_38' title='bbox 1147 618 1286 680; x_wconf 88' lang='lat' dir='ltr'>quod</span> <span class='ocrx_word' id='word_1_39' title='bbox 1311 617 1558 680; x_wconf 73' lang='lat' dir='ltr'>prodidit,</span> <span class='ocrx_word' id='word_1_40' title='bbox 1585 632 1687 678; x_wconf 85' lang='lat' dir='ltr'>oro,</span> 
     </span>
    </p>

    <p class='ocr_par' dir='ltr' id='par_1_6' title="bbox 233 704 1683 858">
     <span class='ocr_line' id='line_1_7' title="bbox 234 704 1683 770; baseline -0.002 -16"><span class='ocrx_word' id='word_1_41' title='bbox 234 723 328 756; x_wconf 89' lang='lat' dir='ltr'>nec</span> <span class='ocrx_word' id='word_1_42' title='bbox 353 705 571 770; x_wconf 87' lang='lat' dir='ltr'>pulchro</span> <span class='ocrx_word' id='word_1_43' title='bbox 595 712 653 755; x_wconf 89' lang='lat' dir='ltr'>ut</span> <span class='ocrx_word' id='word_1_44' title='bbox 674 707 827 754; x_wconf 85' lang='lat' dir='ltr'>Latio</span> <span class='ocrx_word' id='word_1_45' title='bbox 852 711 1023 754; x_wconf 88' lang='lat' dir='ltr'>careat</span> <span class='ocrx_word' id='word_1_46' title='bbox 1049 721 1366 768; x_wconf 85' lang='lat' dir='ltr'>regnumque</span> <span class='ocrx_word' id='word_1_47' title='bbox 1392 704 1683 767; x_wconf 81' lang='lat' dir='ltr'>relinquat3</span> 
     </span>
     <span class='ocr_line' id='line_1_8' title="bbox 233 790 1603 858; baseline -0.004 -15"><span class='ocrx_word' id='word_1_48' title='bbox 233 800 437 858; x_wconf 88' lang='lat' dir='ltr'>tempus</span> <span class='ocrx_word' id='word_1_49' title='bbox 464 795 617 843; x_wconf 90' lang='lat' dir='ltr'>inane</span> <span class='ocrx_word' id='word_1_50' title='bbox 643 799 779 858; x_wconf 82' lang='lat' dir='ltr'>peto,</span> <span class='ocrx_word' id='word_1_51' title='bbox 807 794 1037 856; x_wconf 83' lang='lat' dir='ltr'>requiem</span> <span class='ocrx_word' id='word_1_52' title='bbox 1067 793 1397 856; x_wconf 86' lang='lat' dir='ltr'>spatiumque</span> <span class='ocrx_word' id='word_1_53' title='bbox 1422 790 1603 853; x_wconf 85' lang='lat' dir='ltr'>furori,</span> 
     </span>
    </p>

    <p class='ocr_par' dir='ltr' id='par_1_7' title="bbox 234 880 1480 930">
     <span class='ocr_line' id='line_1_9' title="bbox 234 880 1480 930; baseline -0.002 -1"><span class='ocrx_word' id='word_1_54' title='bbox 234 883 357 930; x_wconf 89' lang='lat' dir='ltr'>dum</span> <span class='ocrx_word' id='word_1_55' title='bbox 383 898 497 930; x_wconf 90' lang='lat' dir='ltr'>mea</span> <span class='ocrx_word' id='word_1_56' title='bbox 522 898 602 929; x_wconf 90' lang='lat' dir='ltr'>me</span> <span class='ocrx_word' id='word_1_57' title='bbox 630 882 818 930; x_wconf 88' lang='lat' dir='ltr'>victam</span> <span class='ocrx_word' id='word_1_58' title='bbox 847 882 1029 930; x_wconf 89' lang='lat' dir='ltr'>doceat</span> <span class='ocrx_word' id='word_1_59' title='bbox 1053 883 1269 928; x_wconf 88' lang='lat' dir='ltr'>fortuna</span> <span class='ocrx_word' id='word_1_60' title='bbox 1294 880 1480 928; x_wconf 90' lang='lat' dir='ltr'>dolere.</span> 
     </span>
    </p>

    <p class='ocr_par' dir='ltr' id='par_1_8' title="bbox 233 966 1589 1033">
     <span class='ocr_line' id='line_1_10' title="bbox 233 966 1589 1033; baseline -0.001 -17"><span class='ocrx_word' id='word_1_61' title='bbox 233 971 536 1018; x_wconf 82' lang='lat' dir='ltr'>Extremam</span> <span class='ocrx_word' id='word_1_62' title='bbox 561 970 696 1017; x_wconf 91' lang='lat' dir='ltr'>hanc</span> <span class='ocrx_word' id='word_1_63' title='bbox 721 985 808 1017; x_wconf 90' lang='lat' dir='ltr'>oro</span> <span class='ocrx_word' id='word_1_64' title='bbox 828 968 1034 1017; x_wconf 84' lang='lat' dir='ltr'>veniam</span> <span class='ocrx_word' id='word_1_65' title='bbox 1056 967 1322 1033; x_wconf 85' lang='lat' dir='ltr'>(miserere</span> <span class='ocrx_word' id='word_1_66' title='bbox 1349 966 1589 1033; x_wconf 85' lang='lat' dir='ltr'>sororis);</span> 
     </span>
    </p>

    <p class='ocr_par' dir='ltr' id='par_1_9' title="bbox 234 1053 1799 1120">
     <span class='ocr_line' id='line_1_11' title="bbox 234 1053 1799 1120; baseline -0.003 -16"><span class='ocrx_word' id='word_1_67' title='bbox 234 1073 389 1120; x_wconf 90' lang='lat' dir='ltr'>quam</span> <span class='ocrx_word' id='word_1_68' title='bbox 412 1056 543 1105; x_wconf 90' lang='lat' dir='ltr'>mihi</span> <span class='ocrx_word' id='word_1_69' title='bbox 568 1073 683 1104; x_wconf 90' lang='lat' dir='ltr'>cum</span> <span class='ocrx_word' id='word_1_70' title='bbox 710 1056 928 1117; x_wconf 85' lang='lat' dir='ltr'>dederit,</span> <span class='ocrx_word' id='word_1_71' title='bbox 957 1055 1276 1104; x_wconf 77' lang='lat' dir='ltr'>cumulatam</span> <span class='ocrx_word' id='word_1_72' title='bbox 1302 1059 1465 1102; x_wconf 85' lang='lat' dir='ltr'>morte</span> <span class='ocrx_word' id='word_1_73' title='bbox 1499 1053 1799 1102; x_wconf 87' lang='lat' dir='ltr'>remittam.&#39;</span> 
     </span>
    </p>
   </div>
   <div class='ocr_carea' id='block_1_3' title="bbox 233 1226 880 1269">
    <p class='ocr_par' dir='ltr' id='par_1_10' title="bbox 233 1226 880 1269">
     <span class='ocr_line' id='line_1_12' title="bbox 233 1226 880 1269; baseline -0.002 -1"><span class='ocrx_word' id='word_1_74' title='bbox 233 1226 412 1269; x_wconf 74' lang='lat' dir='ltr'><em>Aeneas</em></span> <span class='ocrx_word' id='word_1_75' title='bbox 431 1229 628 1268; x_wconf 63' lang='lat' dir='ltr'>remains</span> <span class='ocrx_word' id='word_1_76' title='bbox 652 1239 680 1267; x_wconf 78' lang='lat' dir='ltr'>u</span> <span class='ocrx_word' id='word_1_77' title='bbox 688 1228 880 1267; x_wconf 74' lang='lat' dir='ltr'>nmoved.</span> 
     </span>
    </p>
   </div>
   <div class='ocr_carea' id='block_1_4' title="bbox 183 1321 1697 2432">
    <p class='ocr_par' dir='ltr' id='par_1_11' title="bbox 233 1321 1680 2170">
     <span class='ocr_line' id='line_1_13' title="bbox 301 1321 1481 1385; baseline -0.003 -13"><span class='ocrx_word' id='word_1_78' title='bbox 301 1323 514 1372; x_wconf 85' lang='lat' dir='ltr'>Talibus</span> <span class='ocrx_word' id='word_1_79' title='bbox 543 1323 736 1384; x_wconf 89' lang='lat' dir='ltr'>orabat,</span> <span class='ocrx_word' id='word_1_80' title='bbox 762 1322 990 1385; x_wconf 87' lang='lat' dir='ltr'>talisque</span> <span class='ocrx_word' id='word_1_81' title='bbox 1016 1321 1307 1370; x_wconf 87' lang='lat' dir='ltr'>miserrima</span> <span class='ocrx_word' id='word_1_82' title='bbox 1329 1321 1481 1369; x_wconf 87' lang='lat' dir='ltr'>fletus</span> 
     </span>
     <span class='ocr_line' id='line_1_14' title="bbox 233 1409 1647 1474; baseline -0.002 -15"><span class='ocrx_word' id='word_1_83' title='bbox 233 1412 440 1474; x_wconf 85' lang='lat' dir='ltr'>fertque</span> <span class='ocrx_word' id='word_1_84' title='bbox 466 1411 729 1473; x_wconf 79' lang='lat' dir='ltr'>refertque</span> <span class='ocrx_word' id='word_1_85' title='bbox 757 1426 912 1458; x_wconf 89' lang='lat' dir='ltr'>soror.</span> <span class='ocrx_word' id='word_1_86' title='bbox 986 1410 1086 1458; x_wconf 82' lang='lat' dir='ltr'>Sed</span> <span class='ocrx_word' id='word_1_87' title='bbox 1111 1409 1270 1456; x_wconf 88' lang='lat' dir='ltr'>nullis</span> <span class='ocrx_word' id='word_1_88' title='bbox 1296 1409 1385 1456; x_wconf 90' lang='lat' dir='ltr'>ille</span> <span class='ocrx_word' id='word_1_89' title='bbox 1410 1412 1647 1456; x_wconf 82' lang='lat' dir='ltr'>movetur</span> 
     </span>
     <span class='ocr_line' id='line_1_15' title="bbox 234 1496 1405 1556; baseline -0.003 -10"><span class='ocrx_word' id='word_1_90' title='bbox 234 1498 441 1546; x_wconf 88' lang='lat' dir='ltr'>fletibus</span> <span class='ocrx_word' id='word_1_91' title='bbox 468 1502 558 1546; x_wconf 90' lang='lat' dir='ltr'>aut</span> <span class='ocrx_word' id='word_1_92' title='bbox 585 1513 734 1545; x_wconf 87' lang='lat' dir='ltr'>voces</span> <span class='ocrx_word' id='word_1_93' title='bbox 761 1496 895 1544; x_wconf 90' lang='lat' dir='ltr'>ullas</span> <span class='ocrx_word' id='word_1_94' title='bbox 922 1496 1213 1544; x_wconf 90' lang='lat' dir='ltr'>tractabilis</span> <span class='ocrx_word' id='word_1_95' title='bbox 1231 1496 1405 1556; x_wconf 79' lang='lat' dir='ltr'>audit3</span> 
     </span>
     <span class='ocr_line' id='line_1_16' title="bbox 234 1581 1680 1647; baseline -0.003 -14"><span class='ocrx_word' id='word_1_96' title='bbox 234 1586 346 1633; x_wconf 89' lang='lat' dir='ltr'>fata</span> <span class='ocrx_word' id='word_1_97' title='bbox 371 1585 594 1645; x_wconf 87' lang='lat' dir='ltr'>obstant,</span> <span class='ocrx_word' id='word_1_98' title='bbox 623 1584 959 1647; x_wconf 87' lang='lat' dir='ltr'>placidasque</span> <span class='ocrx_word' id='word_1_99' title='bbox 985 1584 1084 1630; x_wconf 87' lang='lat' dir='ltr'>viri</span> <span class='ocrx_word' id='word_1_100' title='bbox 1123 1583 1248 1631; x_wconf 91' lang='lat' dir='ltr'>deus</span> <span class='ocrx_word' id='word_1_101' title='bbox 1275 1582 1500 1630; x_wconf 87' lang='lat' dir='ltr'>obstruit</span> <span class='ocrx_word' id='word_1_102' title='bbox 1525 1581 1680 1629; x_wconf 88' lang='lat' dir='ltr'>auris.</span> 
     </span>
     <span class='ocr_line' id='line_1_17' title="bbox 235 1671 1574 1732; baseline -0.003 -12"><span class='ocrx_word' id='word_1_103' title='bbox 235 1673 312 1720; x_wconf 90' lang='lat' dir='ltr'>Ac</span> <span class='ocrx_word' id='word_1_104' title='bbox 338 1672 481 1720; x_wconf 87' lang='lat' dir='ltr'>velut</span> <span class='ocrx_word' id='word_1_105' title='bbox 508 1688 701 1720; x_wconf 85' lang='lat' dir='ltr'>annoso</span> <span class='ocrx_word' id='word_1_106' title='bbox 727 1671 958 1719; x_wconf 86' lang='lat' dir='ltr'>validam</span> <span class='ocrx_word' id='word_1_107' title='bbox 984 1687 1100 1718; x_wconf 90' lang='lat' dir='ltr'>cum</span> <span class='ocrx_word' id='word_1_108' title='bbox 1127 1671 1305 1718; x_wconf 84' lang='lat' dir='ltr'>robore</span> <span class='ocrx_word' id='word_1_109' title='bbox 1331 1686 1574 1732; x_wconf 86' lang='lat' dir='ltr'>quercum</span> 
     </span>
     <span class='ocr_line' id='line_1_18' title="bbox 235 1756 1518 1823; baseline -0.002 -17"><span class='ocrx_word' id='word_1_110' title='bbox 235 1759 419 1823; x_wconf 92' lang='lat' dir='ltr'>Alpini</span> <span class='ocrx_word' id='word_1_111' title='bbox 446 1760 639 1808; x_wconf 86' lang='lat' dir='ltr'>Boreae</span> <span class='ocrx_word' id='word_1_112' title='bbox 665 1775 802 1806; x_wconf 89' lang='lat' dir='ltr'>nunc</span> <span class='ocrx_word' id='word_1_113' title='bbox 828 1759 951 1806; x_wconf 88' lang='lat' dir='ltr'>hinc</span> <span class='ocrx_word' id='word_1_114' title='bbox 972 1774 1109 1805; x_wconf 88' lang='lat' dir='ltr'>nunc</span> <span class='ocrx_word' id='word_1_115' title='bbox 1135 1757 1345 1805; x_wconf 86' lang='lat' dir='ltr'>flatibus</span> <span class='ocrx_word' id='word_1_116' title='bbox 1372 1756 1518 1804; x_wconf 89' lang='lat' dir='ltr'>illinc</span> 
     </span>
     <span class='ocr_line' id='line_1_19' title="bbox 236 1844 1452 1908; baseline -0.002 -14"><span class='ocrx_word' id='word_1_117' title='bbox 236 1863 411 1895; x_wconf 85' lang='lat' dir='ltr'>eruere</span> <span class='ocrx_word' id='word_1_118' title='bbox 431 1847 567 1895; x_wconf 88' lang='lat' dir='ltr'>inter</span> <span class='ocrx_word' id='word_1_119' title='bbox 595 1862 648 1894; x_wconf 88' lang='lat' dir='ltr'>se</span> <span class='ocrx_word' id='word_1_120' title='bbox 667 1851 899 1908; x_wconf 83' lang='lat' dir='ltr'>certant3</span> <span class='ocrx_word' id='word_1_121' title='bbox 938 1846 981 1893; x_wconf 90' lang='lat' dir='ltr'>it</span> <span class='ocrx_word' id='word_1_122' title='bbox 1009 1845 1213 1906; x_wconf 88' lang='lat' dir='ltr'>stridor,</span> <span class='ocrx_word' id='word_1_123' title='bbox 1241 1850 1293 1893; x_wconf 91' lang='lat' dir='ltr'>et</span> <span class='ocrx_word' id='word_1_124' title='bbox 1318 1844 1452 1892; x_wconf 87' lang='lat' dir='ltr'>altae</span> 
     </span>
     <span class='ocr_line' id='line_1_20' title="bbox 236 1931 1553 2003; baseline -0.002 -20"><span class='ocrx_word' id='word_1_125' title='bbox 236 1939 574 1983; x_wconf 88' lang='lat' dir='ltr'>consternunt</span> <span class='ocrx_word' id='word_1_126' title='bbox 600 1940 790 1982; x_wconf 89' lang='lat' dir='ltr'>terram</span> <span class='ocrx_word' id='word_1_127' title='bbox 817 1949 1067 1981; x_wconf 90' lang='lat' dir='ltr'>concusso</span> <span class='ocrx_word' id='word_1_128' title='bbox 1095 1932 1276 1995; x_wconf 87' lang='lat' dir='ltr'>stipite</span> <span class='ocrx_word' id='word_1_129' title='bbox 1310 1931 1521 1980; x_wconf 89' lang='lat' dir='ltr'>frondes</span> <span class='ocrx_word' id='word_1_130' title='bbox 1535 1950 1553 2003; x_wconf 71' lang='lat'><em>3</em></span> 
     </span>
     <span class='ocr_line' id='line_1_21' title="bbox 235 2019 1658 2086; baseline -0.002 -17"><span class='ocrx_word' id='word_1_131' title='bbox 235 2021 351 2086; x_wconf 91' lang='lat' dir='ltr'>ipsa</span> <span class='ocrx_word' id='word_1_132' title='bbox 369 2022 549 2070; x_wconf 84' lang='lat' dir='ltr'>haeret</span> <span class='ocrx_word' id='word_1_133' title='bbox 576 2021 800 2085; x_wconf 88' lang='lat' dir='ltr'>scopulis</span> <span class='ocrx_word' id='word_1_134' title='bbox 827 2026 892 2082; x_wconf 88' lang='lat' dir='ltr'>et,</span> <span class='ocrx_word' id='word_1_135' title='bbox 920 2025 1173 2084; x_wconf 87' lang='lat' dir='ltr'>quantum</span> <span class='ocrx_word' id='word_1_136' title='bbox 1198 2020 1391 2068; x_wconf 86' lang='lat' dir='ltr'>vertice</span> <span class='ocrx_word' id='word_1_137' title='bbox 1417 2019 1482 2067; x_wconf 90' lang='lat' dir='ltr'>ad</span> <span class='ocrx_word' id='word_1_138' title='bbox 1508 2035 1658 2067; x_wconf 88' lang='lat' dir='ltr'>auras</span> 
     </span>
     <span class='ocr_line' id='line_1_22' title="bbox 237 2107 1487 2170; baseline -0.003 -13"><span class='ocrx_word' id='word_1_139' title='bbox 237 2109 509 2170; x_wconf 86' lang='lat' dir='ltr'>aetherias,</span> <span class='ocrx_word' id='word_1_140' title='bbox 536 2114 742 2157; x_wconf 89' lang='lat' dir='ltr'>tantum</span> <span class='ocrx_word' id='word_1_141' title='bbox 768 2108 941 2156; x_wconf 79' lang='lat' dir='ltr'>radice</span> <span class='ocrx_word' id='word_1_142' title='bbox 969 2107 1024 2155; x_wconf 89' lang='lat' dir='ltr'>in</span> <span class='ocrx_word' id='word_1_143' title='bbox 1050 2109 1267 2155; x_wconf 84' lang='lat' dir='ltr'>Tartara</span> <span class='ocrx_word' id='word_1_144' title='bbox 1292 2107 1487 2154; x_wconf 89' lang='lat' dir='ltr'>tendit:</span> 
     </span>
    </p>

    <p class='ocr_par' dir='ltr' id='par_1_12' title="bbox 183 2187 1697 2432">
     <span class='ocr_line' id='line_1_23' title="bbox 195 2187 1697 2258; baseline -0.003 -13"><span class='ocrx_word' id='word_1_145' title='bbox 195 2187 197 2190; x_wconf 40' lang='grc'>’</span> <span class='ocrx_word' id='word_1_146' title='bbox 236 2197 377 2245; x_wconf 83' lang='lat' dir='ltr'>haud</span> <span class='ocrx_word' id='word_1_147' title='bbox 404 2212 547 2245; x_wconf 90' lang='lat' dir='ltr'>secus</span> <span class='ocrx_word' id='word_1_148' title='bbox 570 2196 805 2245; x_wconf 88' lang='lat' dir='ltr'>adsiduis</span> <span class='ocrx_word' id='word_1_149' title='bbox 829 2196 952 2244; x_wconf 89' lang='lat' dir='ltr'>hinc</span> <span class='ocrx_word' id='word_1_150' title='bbox 979 2200 1135 2258; x_wconf 89' lang='lat' dir='ltr'>atque</span> <span class='ocrx_word' id='word_1_151' title='bbox 1160 2195 1283 2242; x_wconf 86' lang='lat' dir='ltr'>hinc</span> <span class='ocrx_word' id='word_1_152' title='bbox 1309 2194 1519 2241; x_wconf 89' lang='lat' dir='ltr'>vocibus</span> <span class='ocrx_word' id='word_1_153' title='bbox 1545 2194 1697 2241; x_wconf 84' lang='lat' dir='ltr'>heros</span> 
     </span>
     <span class='ocr_line' id='line_1_24' title="bbox 183 2282 1505 2346; baseline -0.004 -14"><span class='ocrx_word' id='word_1_154' title='bbox 183 2322 186 2326; x_wconf 88' lang='lat'>.</span> <span class='ocrx_word' id='word_1_155' title='bbox 238 2284 494 2344; x_wconf 88' lang='lat' dir='ltr'>tunditur,</span> <span class='ocrx_word' id='word_1_156' title='bbox 517 2288 568 2331; x_wconf 90' lang='lat' dir='ltr'>et</span> <span class='ocrx_word' id='word_1_157' title='bbox 594 2300 780 2344; x_wconf 86' lang='lat' dir='ltr'>magno</span> <span class='ocrx_word' id='word_1_158' title='bbox 805 2282 1062 2346; x_wconf 87' lang='lat' dir='ltr'>persentit</span> <span class='ocrx_word' id='word_1_159' title='bbox 1092 2286 1297 2345; x_wconf 88' lang='lat' dir='ltr'>pectore</span> <span class='ocrx_word' id='word_1_160' title='bbox 1326 2296 1472 2328; x_wconf 84' lang='lat' dir='ltr'>curas</span> <span class='ocrx_word' id='word_1_161' title='bbox 1494 2299 1505 2341; x_wconf 91' lang='lat'>;</span> 
     </span>
     <span class='ocr_line' id='line_1_25' title="bbox 239 2368 1641 2432; baseline -0.002 -13"><span class='ocrx_word' id='word_1_162' title='bbox 239 2387 383 2420; x_wconf 88' lang='lat' dir='ltr'>mens</span> <span class='ocrx_word' id='word_1_163' title='bbox 408 2371 624 2419; x_wconf 88' lang='lat' dir='ltr'>immota</span> <span class='ocrx_word' id='word_1_164' title='bbox 648 2375 838 2432; x_wconf 89' lang='lat' dir='ltr'>manet,</span> <span class='ocrx_word' id='word_1_165' title='bbox 866 2370 1111 2418; x_wconf 87' lang='lat' dir='ltr'>lacrimae</span> <span class='ocrx_word' id='word_1_166' title='bbox 1137 2368 1418 2416; x_wconf 82' lang='lat' dir='ltr'>volvuntur</span> <span class='ocrx_word' id='word_1_167' title='bbox 1444 2368 1641 2416; x_wconf 85' lang='lat' dir='ltr'>inanes.</span> 
     </span>
    </p>
   </div>
   <div class='ocr_carea' id='block_1_5' title="bbox 240 2541 765 2591">
    <p class='ocr_par' dir='ltr' id='par_1_13' title="bbox 240 2541 765 2591">
     <span class='ocr_line' id='line_1_26' title="bbox 240 2541 765 2591; baseline 0 -11"><span class='ocrx_word' id='word_1_168' title='bbox 240 2541 360 2581; x_wconf 75' lang='lat' dir='ltr'>Dido</span> <span class='ocrx_word' id='word_1_169' title='bbox 383 2542 511 2591; x_wconf 73' lang='lat' dir='ltr'>lonys</span> <span class='ocrx_word' id='word_1_170' title='bbox 522 2541 602 2591; x_wconf 87' lang='lat' dir='ltr'>sor</span> <span class='ocrx_word' id='word_1_171' title='bbox 621 2541 765 2581; x_wconf 72' lang='lat' dir='ltr'>death.</span> 
     </span>
    </p>
   </div>
   <div class='ocr_carea' id='block_1_6' title="bbox 238 2632 1662 2870">
    <p class='ocr_par' dir='ltr' id='par_1_14' title="bbox 238 2632 1662 2870">
     <span class='ocr_line' id='line_1_27' title="bbox 307 2632 1392 2683; baseline -0.003 -1"><span class='ocrx_word' id='word_1_172' title='bbox 307 2637 439 2682; x_wconf 82' lang='lat' dir='ltr'>Tum</span> <span class='ocrx_word' id='word_1_173' title='bbox 466 2651 584 2682; x_wconf 87' lang='lat' dir='ltr'>vero</span> <span class='ocrx_word' id='word_1_174' title='bbox 611 2635 800 2682; x_wconf 82' lang='lat' dir='ltr'>infelix</span> <span class='ocrx_word' id='word_1_175' title='bbox 826 2634 952 2683; x_wconf 87' lang='lat' dir='ltr'>fatis</span> <span class='ocrx_word' id='word_1_176' title='bbox 980 2632 1229 2682; x_wconf 84' lang='lat' dir='ltr'>exterrita</span> <span class='ocrx_word' id='word_1_177' title='bbox 1254 2632 1392 2680; x_wconf 82' lang='lat' dir='ltr'>Dido</span> 
     </span>
     <span class='ocr_line' id='line_1_28' title="bbox 240 2719 1421 2782; baseline -0.002 -13"><span class='ocrx_word' id='word_1_178' title='bbox 240 2727 457 2769; x_wconf 88' lang='lat' dir='ltr'>mortem</span> <span class='ocrx_word' id='word_1_179' title='bbox 484 2727 622 2782; x_wconf 83' lang='lat' dir='ltr'>orat3</span> <span class='ocrx_word' id='word_1_180' title='bbox 662 2722 837 2768; x_wconf 85' lang='lat' dir='ltr'>taedet</span> <span class='ocrx_word' id='word_1_181' title='bbox 862 2721 991 2768; x_wconf 87' lang='lat' dir='ltr'>caeli</span> <span class='ocrx_word' id='word_1_182' title='bbox 1017 2736 1249 2768; x_wconf 85' lang='lat' dir='ltr'>convexa</span> <span class='ocrx_word' id='word_1_183' title='bbox 1272 2719 1421 2767; x_wconf 84' lang='lat' dir='ltr'>tueri.</span> 
     </span>
     <span class='ocr_line' id='line_1_29' title="bbox 238 2804 1662 2870; baseline -0.004 -14"><span class='ocrx_word' id='word_1_184' title='bbox 238 2809 351 2866; x_wconf 81' lang='lat' dir='ltr'>Quo</span> <span class='ocrx_word' id='word_1_185' title='bbox 372 2808 536 2870; x_wconf 87' lang='lat' dir='ltr'>magis</span> <span class='ocrx_word' id='word_1_186' title='bbox 562 2807 824 2870; x_wconf 86' lang='lat' dir='ltr'>inceptum</span> <span class='ocrx_word' id='word_1_187' title='bbox 850 2812 1064 2870; x_wconf 85' lang='lat' dir='ltr'>peragat</span> <span class='ocrx_word' id='word_1_188' title='bbox 1089 2806 1360 2869; x_wconf 88' lang='lat' dir='ltr'>lucemque</span> <span class='ocrx_word' id='word_1_189' title='bbox 1385 2804 1662 2866; x_wconf 85' lang='lat' dir='ltr'>relinquat,</span> 
     </span>
    </p>
   </div>
   <div class='ocr_carea' id='block_1_7' title="bbox 1915 538 1985 574">
    <p class='ocr_par' dir='ltr' id='par_1_15' title="bbox 1915 538 1985 574">
     <span class='ocr_line' id='line_1_30' title="bbox 1915 538 1985 574; baseline 0 0"><span class='ocrx_word' id='word_1_190' title='bbox 1915 538 1985 574; x_wconf 85' lang='lat'>430</span> 
     </span>
    </p>
   </div>
   <div class='ocr_carea' id='block_1_8' title="bbox 1919 976 1990 1012">
    <p class='ocr_par' dir='ltr' id='par_1_16' title="bbox 1919 976 1990 1012">
     <span class='ocr_line' id='line_1_31' title="bbox 1919 976 1990 1012; baseline 0 0"><span class='ocrx_word' id='word_1_191' title='bbox 1919 976 1990 1012; x_wconf 85' lang='lat'>435</span> 
     </span>
    </p>
   </div>
   <div class='ocr_carea' id='block_1_9' title="bbox 2146 929 2148 1472">
    <p class='ocr_par' dir='ltr' id='par_1_17' title="bbox 2146 929 2148 1472">
     <span class='ocr_line' id='line_1_32' title="bbox 2146 929 2148 1472; baseline 0 0"><span class='ocrx_word' id='word_1_192' title='bbox 2146 929 2148 1472; x_wconf 95' lang='lat' dir='ltr'> </span> 
     </span>
    </p>
   </div>
   <div class='ocr_carea' id='block_1_10' title="bbox 1921 1591 1993 1626">
    <p class='ocr_par' dir='ltr' id='par_1_18' title="bbox 1921 1591 1993 1626">
     <span class='ocr_line' id='line_1_33' title="bbox 1921 1591 1993 1626; baseline 0 0"><span class='ocrx_word' id='word_1_193' title='bbox 1921 1591 1993 1626; x_wconf 81' lang='lat'>440</span> 
     </span>
    </p>
   </div>
   <div class='ocr_carea' id='block_1_11' title="bbox 1918 2640 1986 2676">
    <p class='ocr_par' dir='ltr' id='par_1_19' title="bbox 1918 2640 1986 2676">
     <span class='ocr_line' id='line_1_34' title="bbox 1918 2640 1986 2676; baseline -0.029 0"><span class='ocrx_word' id='word_1_194' title='bbox 1918 2640 1986 2676; x_wconf 70' lang='lat'>450</span> 
     </span>
    </p>
   </div>
  </div>
 </body>
</html>
