2148 3204
731 532 1213 608 AENEIDOS

801 708 1022 796 LIBER
1069 746 1146 795 II.

66 824 69 826 v
110 850 277 892 Aeneas
297 851 449 901 beyins
469 849 540 889 his
559 853 693 898 story.

168 945 472 995 Conticuere
498 959 676 992 omnes
698 941 991 1004 intentique
1020 954 1108 987 ora
1132 935 1396 985 tenebant.

101 1034 230 1081 Inde
257 1037 370 1080 toro
389 1037 536 1094 pater
561 1032 765 1078 Aeneas
793 1030 866 1077 sic
893 1042 1038 1076 orsus
1066 1025 1128 1073 ab
1149 1023 1284 1072 alto:

165 1115 466 1175 Infandum,
492 1113 685 1175 regina,
711 1112 857 1160 iubes
882 1125 1128 1157 renovare
1153 1108 1398 1168 dolorem,

104 1205 353 1253 Troianas
379 1207 437 1250 nt
465 1217 587 1264 opes
612 1205 664 1248 et
690 1198 1022 1249 lamentabile
1050 1211 1267 1258 regnum

106 1291 334 1339 eruerint
358 1289 543 1350 Danai,
565 1304 799 1351 quaeque
830 1288 941 1350 ipse
974 1284 1263 1332 miserrima
1287 1281 1399 1330 vidi

107 1384 159 1426 et
175 1393 391 1440 quorum
417 1393 537 1439 pars
563 1391 752 1437 magna
775 1375 871 1422 fui.
946 1373 1072 1429 Quis
1100 1370 1229 1419 talia
1253 1369 1414 1417 fando

108 1464 498 1530 Myrmidonum
523 1463 848 1526 Dolopumve
870 1466 959 1509 aut
980 1459 1096 1507 duri
1123 1458 1271 1505 miles
1298 1454 1450 1504 Ulixi

106 1557 360 1616 temperet
385 1567 416 1600 a
439 1550 667 1599 lacrimis
686 1552 711 1597 ?
782 1550 852 1597 Et
877 1549 982 1596 iam
1009 1563 1110 1594 nox
1134 1544 1313 1592 umida
1337 1542 1479 1591 caelo

108 1639 419 1704 praecipitat
445 1639 766 1700 suadentque
794 1635 1032 1684 cadentia
1059 1633 1226 1682 sidera
1252 1646 1472 1680 somnos.

113 1727 215 1776 Sed
239 1727 284 1776 si
308 1731 487 1775 tantus
513 1741 655 1774 amor
680 1740 831 1772 casus
857 1736 1163 1785 cognoscere
1188 1723 1392 1767 nostros

111 1820 164 1863 et
187 1814 413 1863 breviter
437 1813 623 1861 Troiae
650 1826 948 1875 supremum
971 1808 1149 1858 audire
1173 1806 1416 1865 laborem,

113 1917 428 1969 quamquam
453 1900 655 1970 animus
680 1889 976 1947 meminisse
995 1897 1172 1945 horret
1194 1893 1442 1956 luctuque
1467 1883 1678 1953 refugit,

115 1988 378 2052 incipiam.
546 1994 551 1999 “

630 2072 651 2094 ,

126 2164 213 2205 lee
238 2163 400 2205 Greeks
422 2163 547 2203 build
567 2162 636 2203 the
655 2162 835 2202 wooden
852 2161 992 2201 horse.

475 2256 651 2305 Fracti
675 2256 812 2304 bello
837 2254 1069 2317 fatisque
1088 2250 1286 2317 repulsi

120 2346 360 2394 ductores
386 2342 880 2404 Danaum‚·tot>i„arn
900 2340 1202 2395 labentibus
1236 2337 1402 2399 annis,

22 2444 36 2449 “
88 2415 288 2480 *instar
311 2419 508 2479 montis
524 2419 713 2493 equum
738 2428 919 2477 divina
941 2426 1175 2475 Palladis
1206 2429 1316 2473 arte

122 2511 399 2568 aedificant
424 2523 667 2579 sectaque
691 2516 933 2564 intexunt
958 2513 1126 2562 abiete
1142 2512 1158 2539 ¹
1182 2518 1379 2573 costas;

123 2610 302 2654 votum
328 2621 420 2668 pro
446 2604 615 2652 reditu
644 2603 920 2663 simulant3
966 2616 1026 2649 ea
1051 2601 1193 2648 fama
1217 2603 1450 2660 vagatur.

126 2692 246 2740 Huc
265 2691 464 2740 delecta
496 2690 664 2738 virum
692 2689 863 2738 sortiti
889 2703 1101 2751 corpora
1124 2686 1310 2734 furtim

644 2798 680 2835 1.
717 2796 874 2834 abiete:
903 2795 1007 2833 with
1025 2793 1305 2832 consonantal
1323 2793 1354 2831 i.

975 2875 1030 2916 31

1812 1720 1863 1759 10

1826 2429 1872 2466 15
