2148 3204
244 115 349 167 100
780 130 834 167 P.
881 98 1135 168 VERGILI
1174 116 1456 167 MARoms

243 269 287 317 si
311 270 439 318 bene
466 268 592 332 quid
617 269 679 316 de
706 274 756 316 te
784 269 962 329 merui,
990 269 1095 316 fuit
1121 275 1209 317 aut
1225 269 1321 317 tibi
1348 269 1622 332 quicquam

241 357 389 405 dulce
415 373 602 411 meum,
630 357 871 404 miserere
898 357 1078 405 domus
1105 356 1330 404 labentis
1357 362 1408 404 et
1428 357 1599 418 istam,

240 460 342 506 oro,
370 445 533 507 siquis
561 444 729 491 adhuc
755 437 994 507 precibus
1022 443 1180 505 locus,
1209 460 1338 492 exue
1362 449 1602 491 mentem.

240 533 311 579 Te
337 538 546 595 propter
573 531 799 595 Libycae
826 537 1006 593 gentes
1032 532 1431 595 Nomadumque
1455 530 1671 595 tyranni

239 621 403 680 odere,
431 619 625 668 infensi
648 619 796 682 Tyrii
819 639 829 682 3
869 624 921 667 te
948 624 1159 682 propter
1184 621 1405 667 eundem

237 707 525 755 exstinctus
552 708 717 770 pudor
744 714 809 769 et,
838 724 940 770 qua
968 707 1078 756 sola
1104 708 1274 755 sidera
1299 707 1520 769 adibam,

195 819 200 823 ’
237 795 378 843 fama
402 795 560 858 prior.
637 795 732 844 Cui
759 811 839 843 me
867 795 1232 843 moribundam
1256 795 1467 856 deseris,
1494 796 1697 858 hospes,

235 882 331 930 hoc
358 882 523 931 solum
550 898 737 931 nomen
763 882 1006 947 quoniam
1036 884 1098 930 de
1124 883 1340 945 coniuge
1365 888 1526 930 restat
1549 885 1573 930 ?

234 969 370 1026 Quid
395 985 562 1017 moror
581 972 606 1018 ‘?
677 971 763 1018 An
786 986 902 1031 mea
921 970 1233 1034 Pygmalion
1257 971 1383 1018 dum
1408 969 1610 1018 moenia
1634 970 1799 1018 frater

235 1057 470 1105 destruat
494 1063 584 1105 aut
609 1063 814 1120 captam
841 1059 997 1106 ducat
1025 1058 1277 1107 Gaetulus
1299 1058 1478 1106 Iarbas
1502 1060 1526 1105 ἶ)

235 1126 428 1192 Saltem
457 1145 499 1193 si
526 1161 628 1208 qua
648 1144 805 1192 mihil
831 1129 894 1193 de
921 1151 972 1193 te
1000 1151 1240 1208 suscepta
1263 1146 1453 1194 fuisset
1519 1198 1522 1200 ,

233 1236 352 1279 ante
372 1232 550 1293 fugam
578 1233 798 1294 suboles,
828 1233 872 1281 si
898 1233 1014 1295 quis
1042 1233 1173 1280 mihi
1198 1233 1446 1296 parvulus
1473 1233 1593 1281 aula

232 1319 434 1367 luderet
461 1319 682 1380 Aeneas,
710 1320 801 1383 qui
826 1325 877 1368 te
904 1326 1079 1368 tamen
1106 1336 1191 1368 ore
1217 1321 1450 1382 referret,

232 1422 335 1454 non
354 1407 592 1470 equidem
620 1407 828 1455 omnino
855 1414 1006 1471 capta
1032 1424 1089 1455 ac
1116 1408 1321 1457 deserta
1344 1408 1579 1456 viderer.'

231 1571 407 1613 Aeneas
428 1574 680 1623 repudiares
704 1574 774 1614 the
792 1575 966 1625 charae.
1027 1575 1097 1615 He
1118 1569 1236 1615 must
1256 1575 1310 1615 do
1334 1575 1402 1614 his
1426 1575 1628 1614 bounden
1649 1575 1767 1624 duty.

299 1669 531 1716 Dixerat.
606 1669 705 1717 Ille
731 1669 873 1717 Iovis
900 1670 1113 1739 monitis
1141 1670 1355 1718 immota
1375 1670 1586 1718 tenebat

232 1755 427 1804 lumina
455 1761 506 1804 et
530 1756 750 1805 obnixus
778 1773 953 1804 curam
979 1758 1073 1805 sub
1099 1759 1249 1805 corde
1276 1758 1554 1820 premebat.

234 1844 463 1890 Tandem
489 1859 654 1906 pauca
678 1844 866 1905 refert:
907 1849 920 1872 ‘
937 1846 1047 1905 Ego
1072 1850 1138 1905 te,
1168 1861 1297 1907 quae
1323 1844 1549 1907 plurima
1574 1845 1736 1892 fando

233 1946 532 1978 enumerare
558 1931 715 1990 vales,
743 1947 1045 1994 numquam,
1071 1932 1264 1993 regina,
1292 1932 1490 1994 negabo

232 2009 581 2091 promeritam,
609 2010 703 2066 nec
729 2034 810 2068 me
837 2019 1135 2076 meminisse
1161 2019 1359 2081 pigebit
1374 2019 1602 2080 Elissae,

233 2105 355 2152 dum
382 2120 573 2152 memor
600 2105 711 2167 ipse
737 2105 854 2167 mei,
883 2106 1003 2153 dum
1032 2106 1247 2169 spiritus
1274 2107 1367 2154 hos
1394 2107 1527 2167 regit
1552 2110 1711 2154 artus.

231 2192 334 2239 Pro
359 2207 412 2239 re
439 2193 818 2255 paucaloquar.
894 2193 1079 2255 Neque
1104 2209 1197 2254 ego
1222 2193 1356 2240 hanc
1381 2193 1695 2241 abscondere
1721 2194 1865 2242 furto

233 2279 435 2341 speravi
465 2278 551 2342 (ne
578 2279 737 2346 finge)
769 2281 964 2342 fugam,
992 2295 1087 2328 nec
1112 2280 1343 2340 coniugis
1372 2296 1615 2342 umquam

232 2366 502 2428 praetendi
530 2367 706 2414 taedas
734 2372 824 2414 aut
850 2368 974 2414 haec
1001 2367 1054 2413 in
1079 2367 1289 2414 foedera
1314 2366 1449 2414 veni.

232 2453 319 2500 Me
345 2452 389 2501 si
415 2453 528 2501 fata
547 2440 675 2501 me‘is
703 2459 1003 2516 paterentur
1029 2454 1211 2501 ducere
1237 2453 1398 2501 vitam

233 2527 480 2602 auspiciis
506 2547 558 2587 et
585 2545 767 2603 sponte
793 2556 908 2588 mea
931 2556 1236 2602 componere
1261 2556 1426 2601 curas,

232 2627 407 2674 urbem
435 2627 707 2674 Troianam
738 2616 961 2689 primum
989 2627 1259 2688 dulcisque
1285 2642 1513 2675 meorum

232 2713 478 2776 reliquias
504 2713 737 2775 colerem,
764 2713 961 2762 Priami
987 2718 1123 2761 tecta
1147 2713 1255 2761 alta
1278 2718 1562 2775 manerent,

1009 2821 1046 2859 1.
1082 2820 1205 2859 mihi.

1919 541 1988 578 32ss

1917 979 2000 1023 325.

1848 1995 1986 2067 *335
