2148 3204
691 121 996 159 AENEIDOS
1035 121 1154 158 LIB.
1200 121 1294 159 ΠΙ.

121 261 354 325 deripere
381 275 725 322 excussosque
752 259 896 308 iubet
918 257 1094 307 laxare
1119 259 1381 309 rudentes·

121 350 364 398 Tendunt
391 348 507 395 vela
530 346 642 394 noti
658 367 670 409 3
698 347 930 407 fugimus
959 347 1320 409 spumantibus
1345 346 1514 407 undis>

122 452 226 499 qua
248 452 454 484 cursum
479 440 769 497 ventusque
796 434 1207 496 gubernatorque
1233 435 1465 482 vocabat.

123 525 237 572 Iam
261 521 433 570 medio
457 527 674 585 apparet
698 521 858 569 fluctu
882 520 1181 569 nemorosa1
1206 521 1498 585 Zacynthos

122 609 529 672 Dulichiumque
558 609 810 671 Sameque
836 614 888 656 et
914 609 1126 657 Neritos
1153 609 1314 656 ardua
1338 607 1492 657 saxis.

122 698 412 758 Effugimus
439 695 674 759 scopulos
703 696 931 757 Ithacae,
959 697 1171 744 Laertia
1194 712 1367 758 regna,

123 790 175 833 et
199 790 390 832 terram
415 784 649 832 altricem
676 783 817 831 saevi
842 799 1168 831 exsecramur
1192 783 1370 845 Ulixi3

124 888 244 919 mox
267 876 319 919 et
343 871 598 919 Leucatae
624 869 860 919 nimbosa
884 862 1152 919 cacumina
1174 870 1368 919 montis

124 965 176 1006 et
201 958 515 1006 formidatus
539 958 714 1006 nautis
739 958 971 1020 aperitur
995 957 1200 1021 Apollo.

124 1047 281 1094 Hunc
304 1045 532 1109 petimus
558 1044 688 1093 fessi
714 1049 764 1092 et
789 1061 978 1108 parvae
1005 1045 1327 1094 succedimus
1353 1045 1497 1108 urbi3

125 1149 313 1182 ancora
337 1133 399 1181 de
425 1148 578 1197 prora
601 1132 802 1193 iacitur,
832 1137 974 1180 stant
1000 1133 1151 1180 litore
1177 1149 1392 1197 puppes.

131 1284 289 1325 Games
305 1296 381 1325 are
401 1282 669 1324 solemnizecz
683 1286 730 1322 at
749 1281 944 1330 Accium,
970 1282 1141 1321 whence
1164 1281 1261 1331 they
1282 1283 1370 1321 scil
1387 1287 1429 1321 το
1452 1281 1737 1321 Buthrotum.

192 1381 331 1441 Ergo
355 1378 619 1442 insperata
641 1378 854 1425 tandem
879 1377 1066 1425 tellure
1092 1376 1248 1440 potiti

126 1466 508 1528 lustramurque
533 1465 649 1513 Iovi
675 1465 914 1527 votisque
940 1464 1265 1512 incendimus
1290 1479 1406 1514 aras

126 1554 381 1617 Actiaque
407 1552 584 1601 Iliacis
610 1551 927 1600 celebramus
959 1552 1116 1599 litora
1140 1551 1294 1600 ludis.

126 1643 383 1689 Exercent
408 1640 603 1704 patrias
630 1639 741 1687 oleo
767 1639 973 1688 labente
1000 1638 1287 1702 palaestras

126 1728 309 1776 nudati
335 1727 487 1789 socii3
514 1727 661 1774 iuvat
686 1725 912 1774 evasisse
938 1731 1017 1774 tot
1042 1726 1193 1774 urbes

127 1815 396 1876 Argolicas
422 1814 720 1877 mediosque
747 1814 927 1875 fugam
950 1813 1181 1862 tenuisse
1206 1829 1297 1877 per
1321 1812 1504 1863 hostis.

128 1902 336 1950 1nterea
360 1918 602 1962 magnum
631 1900 706 1949 sol
732 1900 1158 1948 circumvolvitur
1183 1917 1375 1949 annum

128 1994 180 2037 et
205 1989 438 2050 glacialis
463 1988 630 2036 hiems
655 1988 1004 2050 Aquilonibus
1031 1993 1235 2050 asperat
1259 1988 1424 2036 undas
1444 2006 1456 2036 ε
1473 2010 1505 2037 υ

128 2092 242 2124 aere
269 2092 393 2124 cavo
418 2075 657 2139 clipeum,
686 2075 860 2137 magni
886 2080 1152 2138 gestamen
1178 2074 1417 2136 Abantis,

129 2163 365 2226 postibus
391 2161 622 2211 adversis
649 2162 753 2223 figo
781 2167 833 2209 et
857 2178 963 2209 rem
993 2162 1218 2209 carmine
1246 2161 1407 2223 signo,

130 2254 370 2298 ‘AENEAS
408 2264 552 2297 HAEC
589 2265 662 2297 DE
699 2264 905 2297 DANAIS
942 2264 1268 2297 vmromssus
1313 2248 1508 2297 ARMA.'

130 2337 389 2398 Linquere
415 2341 527 2384 tum
552 2340 733 2399 portus
759 2335 911 2384 iubeo
936 2340 988 2383 et
1014 2335 1281 2383 considere
1307 2336 1579 2399 transtris3

86 2462 91 2468 .
130 2423 367 2471 certatim
393 2422 517 2471 socii
543 2422 744 2470 feriunt
769 2438 909 2470 mare
934 2427 988 2470 et
1012 2439 1237 2485 aequora
1261 2427 1488 2471 verrunt.

129 2509 378 2559 Protinus
402 2509 568 2558 aerias
593 2510 886 2557 Phaeacum
914 2509 1277 2557 abscondimus
1304 2525 1462 2571 arces,

130 2595 385 2658 litoraque
410 2596 561 2659 Epiri
585 2596 806 2657 legimus
833 2601 1088 2659 portuque
1116 2596 1347 2645 subimus

131 2681 362 2730 Chaonio
388 2687 439 2730 et
465 2682 654 2731 celsam
681 2682 927 2730 Buthroti
953 2683 1243 2731 accedimus
1269 2683 1449 2731 urbem

725 2804 760 2843 1.
793 2805 1014 2842 nemorose}
1035 2804 1292 2852 Zacynthos.

1797 107 1857 161 71

1798 530 1868 568 270

1800 967 1872 1004 275

1808 1998 1879 2035 285
