2148 3204
221 171 326 223 144
757 184 814 224 P.
859 184 1113 222 VERGILr
1153 183 1434 221 MARONIS

219 324 358 380 Quos
382 323 547 371 bonus
573 323 776 371 Aeneas
803 322 959 370 dictis
987 321 1182 370 solatur
1207 321 1388 370 amicis
1899 331 1971 371 770

219 416 271 458 et
296 410 676 472 consanguineo
702 409 981 458 lacrimans
1009 410 1336 457 commendat
1362 411 1597 458 Acestae.

221 497 337 546 Tris
357 498 515 562 Eryci
542 498 734 545 vitulos
761 502 812 544 et
839 496 1260 560 Tempestatibus
1286 512 1470 557 agnam

219 585 430 633 caedere
457 585 644 633 deinde
669 584 812 632 iubet
841 584 1076 646 solvique
1102 600 1165 631 ex
1193 584 1371 631 ordine
1398 584 1592 632 funem.

221 673 356 735 Ipse,
385 677 539 735 caput
563 677 743 720 tonsae
768 671 913 720 foliis
941 671 1176 719 evinctus
1203 671 1385 732 olivae⁷

221 764 366 808 stans
390 759 568 822 procul
594 759 649 806 in
675 775 827 821 prora
853 764 1083 821 pateram
1112 763 1254 806 tenet
1282 764 1503 821 extaque
1531 757 1696 808 salsos
1901 767 1975 807 775

222 846 434 909 pori-icit
461 846 515 893 in
540 846 729 894 fluctus
755 862 812 894 ac
839 846 961 894 Vina
986 845 1244 908 liquentia
1267 845 1460 894 fundit.

220 934 560 995 Prosequitur
587 949 802 994 surgens
828 949 858 981 a
883 933 1046 996 puppi
1072 937 1259 981 ventus
1285 933 1486 995 euntis3

220 1021 459 1069 certatim
486 1020 611 1069 socii
638 1020 839 1068 feriunt
864 1036 1002 1069 mare
1029 1024 1080 1069 et
1105 1035 1329 1083 aequora
1349 1024 1584 1071 verrunt.
1686 1038 1692 1049 ⁴
1734 1039 1736 1045 ’
1774 1054 1831 1069 ,2-

222 1239 427 1290 Neptune
447 1240 602 1280 claims
624 1251 704 1279 one
726 1239 818 1290 lzfe.

289 1373 363 1423 At
387 1375 563 1424 Venus
589 1374 788 1422 interea
812 1374 1119 1438 Neptunum
1145 1374 1371 1423 exercita
1395 1372 1531 1424 curis

223 1462 523 1524 adloquitur
549 1462 776 1525 talisque
802 1462 1028 1510 effundit
1052 1467 1259 1525 pectore
1286 1467 1531 1525 questus:
1906 1471 1978 1511 780

224 1549 470 1598 ‘Iunonis
498 1549 670 1611 gravis
698 1549 775 1597 ira
799 1565 893 1597 nec
919 1550 1270 1598 exsaturabile
1297 1554 1476 1612 pectus

223 1642 413 1698 cogunt
439 1654 533 1697 me,
560 1637 820 1700 Neptune,
848 1652 1024 1699 preces
1052 1638 1361 1685 descendere
1387 1637 1441 1684 in
1467 1636 1663 1700 omnis;

225 1740 378 1787 quam
404 1740 498 1773 nec
523 1724 676 1786 longa
702 1724 828 1785 dies,
856 1724 1023 1787 pietas
1049 1740 1142 1772 nec
1169 1725 1376 1786 mitigat
1402 1724 1524 1785 ulla,

225 1827 317 1860 nec
343 1812 484 1860 Iovis
511 1812 728 1875 imperio
753 1812 985 1874 fatisque
1005 1812 1230 1860 infracta
1257 1812 1493 1874 quiescit.

223 1900 344 1947 Non
368 1899 540 1947 media
565 1899 626 1946 de
653 1904 805 1961 gente
831 1900 1099 1962 Phrygum
1129 1899 1363 1947 exedisse
1390 1898 1634 1948 nefandis
1907 1908 1981 1946 785

225 1988 403 2036 urbem
429 1988 562 2035 odiis
589 1988 715 2036 satis
743 1992 822 2035 est
847 2003 941 2035 nec
970 2004 1187 2050 poenam
1212 1993 1359 2035 traxe
1385 2003 1476 2050 per
1501 2003 1706 2036 omnem

225 2074 472 2136 reliquias
500 2074 704 2135 Troiae3
745 2075 942 2123 cineres
969 2079 1124 2137 atque
1151 2091 1268 2123 ossa
1293 2079 1590 2138 peremptae

225 2162 531 2224 insequitur.
606 2162 800 2210 Causas
827 2162 961 2210 tanti
990 2162 1119 2210 sciat
1144 2162 1237 2210 illa
1262 2162 1469 2210 furoris.

224 2247 344 2310 Ipse
371 2248 501 2296 mihi
519 2247 536 2275 ¹
564 2266 727 2312 nuper
755 2250 967 2313 Libycis
994 2254 1052 2296 tu
1077 2249 1227 2298 testis
1255 2249 1309 2296 in
1334 2249 1489 2298 undis

227 2352 381 2398 quam
409 2336 591 2384 molem
622 2337 792 2384 subito
819 2336 1063 2398 excierit3
1102 2337 1265 2384 maria
1290 2338 1463 2385 omnia
1487 2335 1631 2386 caelo
1909 2345 1980 2384 790

228 2422 452 2483 miscuit,
481 2423 678 2472 Aeoliis
705 2424 1021 2487 nequiquam
1048 2424 1187 2471 freta
1210 2424 1470 2488 procellis,

227 2510 282 2557 in
308 2510 479 2571 regnis
506 2511 600 2558 hoc
626 2527 751 2558 ausa
775 2511 895 2559 tuis.

226 2596 327 2645 Per
353 2597 520 2645 scelus
547 2613 660 2645 ecce
686 2596 843 2645 etiam
870 2598 1107 2646 Troianis
1136 2598 1390 2646 matribus
1416 2596 1550 2648 actis

226 2684 428 2732 exussit
453 2685 603 2732 foede
630 2686 819 2748 puppis
846 2691 897 2732 et
922 2685 1085 2733 classe
1113 2686 1318 2746 subegit

227 2769 420 2819 amissa
443 2770 607 2819 socios
634 2772 839 2834 ignotae
864 2771 1100 2836 linquere
1127 2777 1312 2822 terrae.
1906 2779 1978 2821 '195

1002 2873 1039 2911 1.
1075 2872 1203 2911 Mihi.
