2148 3204
198 185 208 192 ,
250 123 318 177 84
785 139 844 180 Ρ.
887 138 1150 180 VERGILI
1184 138 1469 178 MARoms

248 292 341 325 nec
369 276 485 325 visu
510 275 683 325 facilis
710 292 804 324 nec
829 277 973 325 dictu
999 277 1248 326 adfabilis
1273 277 1389 326 ulli.

247 363 551 411 Visceribus
578 363 885 411 miserorum
910 368 962 411 et
989 364 1239 426 sanguine
1264 365 1493 413 vescitur
1518 370 1648 416 atro.

247 450 374 500 Vidi
400 455 617 511 egomet,
645 451 747 498 duo
772 451 835 498 de
861 467 1076 498 numero
1113 467 1229 498 cum
1255 467 1468 514 corpora
1492 458 1671 500 nostro

248 553 437 601 prensa
460 553 615 585 manu
641 553 828 598 magna
853 538 1023 585 medio
1047 538 1323 601 resupinus
1350 539 1403 586 in
1429 547 1580 587 antro

248 625 513 685 frangeret
537 625 602 672 ad
628 641 809 673 saxum
832 625 1079 687 sanieque
1106 642 1315 688 aspersa
1338 631 1580 675 natarent

246 712 461 773 limina3
500 712 610 760 vidi
636 716 749 760 atro
777 728 894 760 cum
921 713 1152 761 membra
1175 713 1393 762 fluentia
1417 715 1538 763 tabo

250 800 517 847 manderet
543 807 595 847 et
613 799 781 862 tepidi
801 805 1083 848 tremerent
1109 801 1204 849 sub
1230 802 1470 850 dentibus
1508 808 1672 852 artus.

251 886 411 935 Haud
435 887 645 950 impune
671 887 880 949 quidem
902 907 915 948 3
952 904 1046 936 nec
1072 888 1201 936 talia
1225 905 1409 952 passus
1436 890 1623 940 Ulixes

252 974 512 1022 oblitusve
539 974 618 1022 sui
644 979 723 1022 est
743 974 956 1023 Ithacus
979 975 1279 1024 discrimine
1305 981 1465 1025 tanto.

247 1062 383 1109 Nam
413 1061 567 1109 simul
592 1061 832 1124 expletus
860 1062 1080 1125 dapibus
1110 1063 1334 1127 vinoque
1363 1065 1598 1128 sepultus

248 1147 496 1197 cervicem
525 1148 767 1197 inflexam
789 1149 965 1212 posuit
990 1150 1253 1214 iacuitque
1279 1168 1371 1215 per
1396 1159 1607 1200 antrum

247 1235 545 1297 immensus,
573 1236 770 1284 saniem
797 1242 1034 1286 eructans
1058 1242 1109 1286 et
1134 1239 1305 1287 frusta
1330 1244 1542 1287 cruento

248 1339 338 1386 per
364 1338 599 1372 somnum
626 1324 906 1372 commixta
931 1341 1085 1386 mero,
1107 1342 1215 1388 nos,
1254 1343 1442 1388 magna
1466 1326 1664 1390 precati

247 1410 462 1459 numina
487 1411 763 1473 sortitique
789 1411 943 1472 vices,
970 1429 1076 1461 una
1098 1414 1329 1477 undique
1356 1414 1551 1463 circum

177 1523 179 1526 ·
246 1498 518 1546 fundimur
544 1503 596 1546 et
619 1498 724 1546 telo
750 1498 925 1546 lumen
942 1501 1262 1550 terebramus
1289 1507 1439 1550 acuto

247 1585 446 1647 ingens,
475 1586 611 1648 quod
637 1591 784 1634 torva
809 1587 975 1635 solum
1003 1588 1098 1636 sub
1123 1588 1296 1637 fronte
1321 1589 1532 1652 latebat,

247 1672 479 1734 Argolici
505 1673 660 1736 clipei
686 1679 778 1721 aut
797 1673 1067 1722 Phoebeae
1094 1675 1351 1739 lampadis
1378 1677 1559 1739 instar,

247 1764 299 1808 et
331 1760 542 1808 tandem
566 1759 691 1807 laeti
718 1761 971 1815 sociorum
998 1762 1298 1811 ulciscimur
1324 1765 1547 1814 umbras.

249 1847 351 1895 Sed
375 1846 558 1908 fugite,
581 1863 610 1894 o
634 1847 825 1909 miseri,
847 1848 1016 1910 fugite
1042 1854 1198 1913 atque
1224 1851 1287 1899 ab
1303 1851 1456 1900 litore
1481 1853 1663 1902 funem

248 1935 488 1998 rumpite.
1071 1928 1073 1930 .

247 2023 380 2070 Nam
410 2023 581 2085 qualis
608 2028 938 2086 quantusque
963 2040 1090 2073 cavo
1113 2025 1468 2090 Polyphemus
1495 2027 1550 2076 in
1574 2034 1728 2079 antro

246 2109 504 2172 lanigeras
531 2110 728 2159 claudit
754 2113 977 2174 pecudes
1004 2118 1159 2175 atque
1183 2114 1342 2162 ubera
1367 2121 1583 2178 pressat,

248 2202 454 2246 centum
480 2197 570 2246 alii
596 2214 754 2246 curva
778 2199 902 2247 haec
928 2199 1169 2249 habitant
1195 2202 1260 2249 ad
1286 2202 1442 2251 litora
1466 2203 1620 2266 volgo

247 2284 452 2332 infandi
481 2285 731 2348 Cyclopes
754 2291 805 2334 et
831 2287 953 2354 altis
980 2289 1242 2337 montibus
1270 2295 1459 2339 errant.

249 2371 426 2420 Tertia
448 2371 549 2420 iam
578 2372 730 2421 lunae
753 2389 806 2421 se
833 2390 1024 2422 cornua
1047 2375 1241 2424 lumine
1268 2378 1541 2441 complent,

248 2474 362 2506 cum
389 2458 546 2507 vitam
577 2460 631 2506 in
658 2460 803 2509 silvis
830 2461 966 2509 inter
992 2463 1196 2511 deserta
1220 2464 1447 2512 ferarum

249 2546 412 2594 lustra
438 2547 716 2609 domosque
742 2549 893 2596 traho
914 2555 1192 2613 vastosque
1218 2552 1282 2600 ab
1307 2569 1432 2616 rupe
1453 2554 1705 2619 Cyclopas

250 2633 506 2696 prospicio
534 2635 864 2698 sonitumque
890 2638 1080 2699 pedum
1111 2655 1385 2701 vocemque
1410 2646 1673 2692 tremesco.

250 2720 456 2768 Victum
486 2721 764 2782 infelicem,
791 2723 941 2771 bacas
967 2724 1302 2788 lapidosaque
1329 2743 1495 2788 corna,

251 2806 378 2856 dant
403 2808 545 2868 rami,
574 2813 624 2856 et
649 2809 807 2857 volsis
828 2817 1046 2872 pascunt
1072 2813 1329 2862 radicibus
1355 2815 1555 2864 herbae.

1935 638 2008 675 625

1934 1075 2009 1111 630

1933 1512 2007 1549 635

1929 1955 2005 1993 640

1925 2393 2000 2431 645

1925 2832 1996 2867 650
