2148 3204
808 68 829 80 V

249 163 350 214 176
635 150 639 153 ’
785 175 840 213 P.
885 176 1143 213 VERGILI
1181 174 1462 212 MARoNrs

245 313 498 362 lustrabat
525 313 698 362 studio
723 312 968 373 recolens,
996 329 1300 375 omnemque
1327 329 1535 361 suorum

245 402 376 449 forte
404 401 702 449 recensebat
728 416 1001 448 numerum
1028 416 1273 462 carosque
1299 406 1513 462 nepotes

242 489 452 551 fataque
479 488 818 549 fortunasque
845 487 1014 534 virum
1042 503 1311 549 moresque
1339 503 1639 550 manusque.

243 576 398 638 Isque
424 575 511 623 ubi
536 576 835 623 tendentem
861 575 1135 622 adversum
1161 590 1251 637 per
1277 575 1511 635 gramina
1533 574 1669 623 vidit

245 665 467 723 Aenean,
495 662 680 710 alacris
707 662 905 724 palmas
932 667 1178 724 utrasque
1204 662 1443 723 tetendit,

243 751 536 813 effusaeque.
564 749 708 811 genis
736 748 994 810 lacrimae,
1023 754 1074 797 et
1102 766 1199 797 vox
1225 749 1421 797 excidit
1446 765 1558 799 ore:

241 843 252 865 ⁴
273 837 479 886 Venisti
505 837 729 897 tandem,
754 842 946 899 tuaque
974 841 1275 899 exspectata
1298 836 1504 899 parenti

243 925 366 972 vicit
391 925 490 972 iter
515 925 702 972 durum
729 924 933 986 pietas?
1006 925 1174 971 Datur
1201 940 1289 987 qra
1312 925 1462 985 tueri,

238 1017 372 1072 nate,
399 1017 490 1060 tua
516 1017 566 1059 et
591 1016 739 1060 notas
767 1012 945 1059 audire
973 1016 1025 1059 et
1052 1012 1262 1059 reddere
1287 1028 1437 1060 voces
1459 1015 1484 1060 ?

240 1099 322 1147 Sic
348 1083 587 1161 equidem
615 1099 862 1146 ducebam
890 1097 1063 1146 animo
1089 1100 1337 1161 rebarque
1363 1100 1614 1161 futurum,

240 1194 472 1249 tempora
497 1186 847 1246 dinumerans,
871 1203 965 1234 nec
993 1202 1073 1233 ine
1100 1202 1214 1234 mea
1237 1202 1360 1234 cura
1383 1187 1593 1234 fefellit.

238 1274 374 1330 Quas
400 1289 492 1334 ego
516 1278 568 1320 te
594 1278 757 1321 terras
785 1279 834 1320 et
861 1279 1055 1336 quanta
1078 1290 1169 1336 per
1194 1289 1416 1335 aequora
1440 1279 1647 1322 vectum

237 1360 448 1424 accipio,
477 1360 686 1423 quantis
714 1360 979 1421 iactatum,
1009 1366 1144 1421 nate,
1172 1361 1406 1423 periclis!

236 1448 399 1504 Quam
427 1448 602 1508 metui,
630 1464 694 1495 ne
722 1448 848 1510 quid
875 1449 1072 1511 Libyae
1099 1448 1197 1496 tibi
1226 1464 1384 1510 regna
1406 1453 1649 1497 nocerent
1670 1449 1708 1498 1’

237 1535 335 1582 Ille
363 1540 564 1583 autem:
605 1539 618 1564 ‘
638 1537 751 1583 Tua
775 1551 870 1595 me,
899 1536 1115 1597 genitor,
1141 1540 1233 1584 tua
1258 1536 1428 1585 tristis
1454 1537 1624 1598 imago

237 1623 441 1685 saepius
467 1638 738 1670 occurrens
766 1622 890 1670 haec
916 1623 1100 1670 limina
1122 1624 1332 1671 tendere
1358 1624 1560 1684 adegit3

238 1715 378 1758 stant
406 1710 509 1757 sale
538 1710 807 1773 Tyrrheno
835 1710 1039 1759 classes.
1114 1711 1195 1758 Da
1220 1711 1432 1772 iungere
1457 1712 1712 1773 dextram,

237 1798 316 1857 da,
343 1797 559 1859 genitor,
587 1802 741 1860 teque
768 1797 1013 1860 amplexu
1037 1813 1101 1845 ne
1129 1798 1373 1846 subtrahe
1399 1799 1610 1846 nostro!

239 1885 321 1933 Sic
347 1900 635 1932 memorans
662 1884 805 1946 largo
831 1885 957 1932 fletu
984 1885 1138 1933 simul
1165 1901 1252 1933 ora
1277 1885 1492 1947 rigabat.

237 1973 336 2019 Ter
362 1977 575 2019 conatus
602 1970 704 2019 ibi¹
732 1972 863 2021 collo
889 1972 1010 2020 dare
1037 1972 1276 2020 bracchia
1301 1971 1509 2033 circum,

236 2065 314 2107 ter
339 2059 537 2107 frustra
562 2075 862 2122 comprensa
887 2075 1070 2107 manus
1097 2059 1281 2119 effugit
1307 2059 1491 2121 imago,

237 2162 329 2208 par
353 2145 555 2194 levibus
582 2145 753 2194 ventis
778 2145 1079 2209 volucrique
1106 2146 1377 2194 simillima
1402 2162 1594 2195 somno.

245 2312 331 2351 The
353 2313 473 2351 souls
496 2313 548 2362 os
564 2313 682 2352 those
704 2313 797 2352 who
820 2325 895 2353 are
918 2318 959 2353 to
983 2314 1064 2352 live
1086 2314 1224 2363 ayaz‘n
1248 2324 1305 2352 on
1327 2313 1467 2353 earth.

304 2406 511 2454 Interea
534 2407 677 2455 videt
702 2408 905 2456 Aeneas
931 2407 986 2454 in
1013 2407 1146 2455 valle
1172 2407 1386 2454 reducta

237 2493 490 2541 seclusum
519 2509 699 2542 nemus
727 2499 777 2542 et
804 2494 1030 2555 virgulta
1055 2494 1293 2542 sonantia
1318 2494 1479 2542 silvae

237 2580 640 2642 Lethaeumque,
668 2581 844 2629 domos
872 2581 1104 2643 placidas
1131 2581 1220 2642 qui
1246 2587 1532 2643 praenatat,
1561 2598 1777 2632 amnem.

237 2668 394 2714 Hunc
419 2666 611 2713 circum
637 2667 936 2715 innumerae
963 2672 1139 2728 gentes
1166 2667 1448 2737 populique
1474 2669 1716 2716 volabant
1732 2687 1745 2730 ;

237 2769 295 2801 ac
321 2753 465 2801 velut
490 2753 544 2800 in
570 2753 733 2816 pratis
759 2754 847 2801 ubi
872 2769 994 2816 apes
1021 2758 1216 2801 aestate
1243 2769 1425 2802 serena

1035 2862 1071 2898 1.
1107 2861 1182 2898 ibi.

1930 673 2001 710 685

1927 1111 2003 1148 690

1925 1547 1998 1585 695

1925 1983 1996 2020 700

1921 2591 1991 2627 705
