2148 3204
693 118 1000 172 AENEIDos
1038 132 1156 168 ΜΒ.
1204 131 1262 167 v.

110 283 162 326 et
185 292 323 325 nunc
347 274 536 323 Pristis
562 273 732 332 habet,
759 288 895 318 nunc
921 272 1111 318 victam
1136 267 1384 331 praeterit
1409 267 1589 326 ingens

111 366 412 423 Centaurus,
438 377 573 409 nunc
600 376 703 407 una
728 359 907 406 ambae
928 357 1222 417 iunctisque
1251 355 1491 401 feruntur

109 453 369 501 frontibus
395 456 446 498 et
469 449 624 509 longa
651 447 853 495 sulcant
878 446 1012 492 vada
1038 444 1174 492 salsa
1201 442 1389 490 carina.

110 543 326 603 Iamque
350 537 768 602 propinquabant
797 533 1006 596 scopulo
1034 538 1325 592 metamque
1354 528 1617 588 tenebant,

111 645 228 677 cum
247 627 488 691 princeps
513 624 784 686 medioque
812 622 953 684 Gyas
980 621 1034 667 in
1061 618 1263 680 gurgite
1291 617 1456 664 victor

111 721 361 764 rectorem
386 713 533 761 navis
558 711 837 774 compellat
861 725 983 757 voce
1009 710 1315 755 Menoeten:

114 809 126 833 ‘
146 805 256 861 Quo
279 807 487 850 tantum
512 800 641 847 mihi
667 800 847 846 dexter
872 797 982 845 abis
1002 799 1026 844 ἱ)
1100 796 1219 842 Huc
1246 793 1411 853 dirige
1440 806 1703 852 gressum3

114 890 239 938 litus
266 906 382 938 ama
405 894 456 937 et
478 888 653 936 laevas
680 886 904 946 stringat
930 885 1039 932 sine
1063 882 1296 946 palmula
1317 884 1519 939 cautes3

115 979 287 1026 altum‘
306 976 398 1024 alii
421 974 661 1024 teneant.2
734 972 900 1033 Dixit,
930 972 1019 1019 sed
1044 986 1192 1018 caeca
1219 970 1485 1016 Menoetes

117 1081 241 1113 saxa
263 1064 455 1112 timens
481 1078 686 1126 proram
713 1060 886 1124 pelagi
912 1060 1187 1120 detorquet
1213 1057 1278 1104 ad
1303 1055 1484 1102 undas.

118 1153 255 1210 ‘Quo
280 1151 516 1199 diversus
543 1150 653 1198 abis
675 1151 700 1196 ?
717 1149 730 1173 ²
767 1148 957 1195 iterum
985 1147 1138 1193 ‘Pete
1165 1159 1302 1204 saxa,
1330 1141 1598 1189 Menoete!
1624 1139 1638 1164 '

117 1257 233 1288 cum
259 1239 480 1287 clamore
506 1238 648 1301 Gyas
674 1236 962 1295 revocabat,
991 1239 1043 1281 et
1068 1248 1183 1297 ecce
1211 1229 1525 1280 Cloanthum

118 1327 332 1390 respicit
355 1326 643 1374 instantem
666 1330 809 1384 tergo
834 1328 885 1369 et
910 1320 1153 1385 propiora
1175 1323 1453 1366 tenentem.

120 1415 221 1462 Ille
244 1414 382 1461 inter
405 1427 691 1474 navemque
721 1411 864 1474 Gyae
892 1408 1233 1470 scopulosque
1260 1402 1493 1453 sonantis

121 1501 259 1550 radit
282 1501 382 1548 iter
404 1499 611 1547 laevum
635 1497 853 1546 interior
880 1478 1152 1557 subitoque
1178 1493 1399 1556 priorem

121 1578 370 1652 pra-eterit
394 1592 446 1634 et
469 1585 623 1634 metis
649 1589 792 1633 tenet
818 1598 1040 1645 aequora
1062 1586 1179 1629 tuta
1197 1579 1410 1627 relictis.

123 1678 256 1723 Tum
283 1691 403 1722 vero
429 1674 625 1722 exarsit
647 1671 825 1720 iuveni
851 1671 996 1718 dolor
1021 1669 1224 1717 ossibus
1250 1667 1449 1727 ingens,

123 1779 217 1811 nec
239 1762 469 1810 lacrimis
494 1775 701 1809 caruere
727 1774 901 1820 genae,
929 1771 1237 1818 segnemque
1263 1755 1554 1814 Menoeten,

126 1849 320 1898 oblitus
346 1849 647 1911 decorisque
673 1847 754 1895 sui
779 1846 1076 1907 sociumque
1103 1843 1305 1903 salutis,

126 1937 183 1985 in
206 1953 344 1985 mare
368 1936 708 2000 praecipitem
732 1933 896 1997 puppi
921 1932 1163 1980 deturbat
1188 1930 1251 1978 ab
1277 1929 1410 1991 alta3

127 2025 240 2088 ipse
265 2023 576 2086 gubernaclo
600 2027 768 2070 rector
794 2021 950 2081 subit,
973 2019 1086 2083 ipse
1111 2018 1374 2078 magister,

129 2112 468 2174 hortaturque
491 2109 633 2159 viros
659 2109 968 2171 clavumque
994 2107 1062 2155 ad
1085 2106 1240 2153 litora
1263 2107 1488 2166 torquet.

130 2200 204 2248 At
229 2199 416 2260 gravis,
440 2204 500 2245 ut
523 2198 689 2245 fundo
712 2197 803 2244 vix
826 2196 1039 2243 tandem
1063 2192 1299 2240 redditus
1325 2192 1428 2238 imo
1447 2194 1542 2251 est,

131 2286 235 2334 iam
263 2284 431 2334 senior
454 2285 766 2346 madidaque
791 2282 958 2330 fluens
984 2282 1036 2328 in
1066 2285 1208 2328 veste
1234 2281 1501 2326 Menoetes

134 2389 335 2421 summa
358 2372 494 2435 petit
518 2370 717 2434 scopuli
742 2370 978 2431 siccaque
1004 2367 1059 2414 in
1084 2383 1210 2430 rupe
1238 2365 1443 2413 resedit.

134 2461 294 2508 Illum
319 2466 371 2508 et
393 2460 653 2508 labentem
677 2457 939 2506 Teucriet
963 2457 1123 2504 risere
1148 2458 1412 2502 natantem

134 2553 187 2596 et
212 2547 374 2595 salsos
397 2546 572 2594 rident
595 2550 945 2593 revomentem
980 2548 1186 2608 pectore
1211 2540 1411 2588 fluctus.

1754 110 1848 161 121

1798 623 1865 659 160

1803 1061 1873 1097 165

1805 1498 1876 1535 170

1811 2371 1880 2410 180
