2148 3204
710 158 1019 200 AENEIDos
1057 156 1178 192 ΜΒ.
1213 153 1300 191 Vr.
1794 130 1897 184 179

147 308 356 366 Silvius,
384 304 641 354 Albanum
669 315 872 358 nomen,
899 302 990 344 tua
1014 299 1255 358 postuma
1277 289 1464 354 proles,

147 413 297 460 quem
321 393 421 441 tibi
440 392 690 451 longaevo
716 402 886 434 serum
912 381 1133 431 Lavinia
1157 379 1381 427 coniunx

147 485 331 531 educet
356 478 503 528 silvis
529 491 700 537 regem
726 485 1005 534 regumque
1029 471 1310 532 parentem,
1835 467 1903 504 765

150 570 285 619 unde
312 582 470 629 genus
497 566 673 623 Longa
696 564 933 607 nostrum
959 553 1309 604 dominabibur
1334 550 1484 598 Alba.

150 656 427 706 Proximus
452 651 542 700 ille
565 651 772 708 Procas,
799 645 1051 693 Troianae
1078 640 1243 704 gloria
1267 637 1455 701 gentis,

153 751 205 793 et
231 744 402 806 Capys
427 745 478 788 et
501 735 747 786 Numitor
766 735 780 758 ¹
806 738 872 793 et,
901 730 992 794 qui
1016 735 1068 778 te
1092 727 1299 776 nomine
1324 725 1521 783 reddet,

157 831 350 881 Silvius
378 829 594 884 Aeneas,
620 823 814 886 pariter
838 819 1033 883 pietate
1059 815 1143 863 vel
1167 814 1323 863 armis

156 917 408 980 egregius,
437 913 482 962 si
505 926 752 973 umquam
776 906 1092 968 regnandam
1118 900 1373 974 acceperit
1399 898 1602 946 Albam.
1631 910 1636 919 ’
1841 901 1911 939 770

157 1006 257 1063 Qui
281 1000 520 1051 iuvenes!
594 999 823 1055 Quantas
849 996 1128 1051 ostentant,
1156 989 1343 1051 aspice,
1368 986 1513 1046 viris,

160 1099 315 1155 atque
340 1090 578 1137 umbrata
602 1087 788 1147 gerunt
813 1080 959 1129 civili
983 1086 1215 1140 tempora
1240 1075 1458 1138 quercu!

161 1180 237 1227 Hi
261 1176 360 1226 tibi
382 1177 702 1223 Nomentum
729 1175 779 1218 et
805 1167 998 1218 Gabios
1025 1165 1303 1225 urbemque
1328 1160 1595 1219 Fidenam,

162 1267 219 1314 hi
245 1262 529 1315 Collatinas
555 1260 824 1322 imponent
849 1253 1114 1302 montibus
1140 1265 1297 1309 arces,

163 1351 426 1402 Pometios
453 1349 796 1407 Castrumque
821 1341 943 1389 Inui
969 1339 1251 1400 Bolamque
1278 1337 1578 1395 Coramque.
1851 1337 1922 1375 775

167 1441 312 1488 Haec
337 1443 446 1485 tum
471 1432 683 1482 nomina
708 1434 875 1490 erunt,
902 1437 1037 1475 nunc
1065 1429 1186 1474 sunt
1212 1423 1324 1472 sine
1348 1420 1555 1469 nomine
1579 1423 1761 1466 terrae.
1792 1430 1824 1488 ·‘,·'

1802 1522 1815 1558 Ι,

169 1611 392 1654 Romulus
414 1608 504 1649 and
524 1605 759 1657 Auqustus
786 1602 963 1643 Caesar.

237 1707 372 1764 Quin
397 1709 448 1752 et
474 1719 571 1751 avo
597 1699 839 1749 comitem
865 1712 973 1745 sese
998 1692 1290 1742 Mavortius
1317 1690 1474 1738 addet

171 1793 440 1852 Romulus,
467 1787 711 1838 Assaraci
736 1801 887 1849 quem
913 1780 1183 1843 sanguinis
1209 1779 1311 1827 Ilia
1335 1781 1499 1831 mater

174 1883 372 1950 educet.
442 1878 629 1936 Viden,
654 1880 714 1922 ut
739 1872 973 1934 geminae
1001 1872 1142 1917 stant
1168 1866 1361 1913 vertice
1387 1862 1574 1910 cristae

175 1974 226 2017 et
251 1972 398 2031 pater
421 1965 533 2028 ipse
559 1978 650 2011 suo
676 1975 919 2023 superum
943 1957 1047 2004 iam
1073 1954 1244 2015 signat
1267 1952 1459 1999 honore
1479 1950 1504 1996 ἶ)
1863 1951 1932 1989 780

176 2057 259 2103 En
282 2053 452 2113 huius,
477 2056 612 2110 nate,
639 2046 885 2110 auspiciis
909 2045 1004 2092 illa
1026 2042 1224 2090 incluta
1248 2040 1415 2086 Roma

177 2140 454 2205 imperium
479 2136 647 2197 terris,
668 2135 867 2183 animos
894 2129 1138 2193 aequabit
1164 2127 1387 2190 Olympo

181 2234 482 2292 septemque
506 2240 610 2272 una
634 2221 762 2271 sibi¹
788 2232 935 2268 muro
961 2213 1301 2265 circumdabit
1328 2226 1486 2270 arces,

182 2316 316 2378 felix
339 2313 481 2376 prole
507 2311 704 2359 virum:
743 2307 914 2370 qualis
939 2301 1250 2366 Berecyntia
1276 2306 1439 2346 mater

182 2400 449 2451 invehitur
474 2415 626 2446 curru
649 2393 911 2458 Phrygias
935 2391 1127 2440 turrita
1151 2404 1241 2451 per
1266 2386 1433 2444 urbes,
1869 2386 1936 2423 785

186 2490 324 2537 laeta
347 2488 499 2535 deum
525 2489 692 2547 partu,
718 2486 927 2530 centum
952 2476 1222 2540 complexa
1244 2476 1472 2535 nepotes,

188 2574 355 2623 omnis
381 2571 666 2631 caelicolas,
693 2568 859 2616 omnis
887 2580 1074 2628 supera
1098 2563 1205 2610 alta
1229 2558 1483 2609 tenentis.

191 2663 310 2709 Huc
336 2660 563 2722 geminas
590 2672 726 2704 nunc
749 2655 897 2702 flecte
924 2653 1074 2711 acies,
1101 2650 1232 2698 hanc
1259 2646 1430 2708 aspice
1456 2647 1660 2705 gentem

192 2750 554 2809 Romanosque
578 2749 709 2792 tuos.
783 2741 886 2788 Hic
913 2740 1097 2787 Caesar
1124 2741 1174 2782 et
1199 2733 1364 2781 omnis
1391 2731 1498 2778 Iuli

481 2854 518 2890 1.
550 2852 767 2890 Numitdr.
1405 2839 1446 2876 2.
1478 2837 1575 2875 sibi.
