2148 3204
265 95 368 147 128
798 109 853 147 P.
903 108 1159 147 VERGILI
1198 107 1479 146 MARoms

264 248 367 296 Hie
393 247 598 296 iuvenis
624 247 727 296 iam
753 247 919 295 victor
944 264 1107 295 ovans
1138 246 1362 309 vestigia
1385 262 1565 310 presso

263 335 402 383 haud
427 335 597 383 tenuit
621 335 849 382 titubata
874 335 997 396 solo,
1024 336 1114 383 sed
1139 351 1329 397 pronus
1355 335 1408 381 in
1433 334 1549 397 ipso

263 422 489 470 concidit
513 422 883 485 immundoque
907 421 1030 469 fimo
1059 437 1303 484 sacroque
1330 437 1520 482 eruore,

263 526 364 557 11011
388 515 564 558 tamen
588 509 822 573 Euryali,
850 526 952 573 11011
979 509 1068 557 ille
1094 509 1285 557 oblitus
1320 525 1579 558 amorum:

261 613 379 646 nam
408 613 518 646 sese
545 597 787 661 opposuit
814 597 954 645 Salio
973 613 1064 660 per
1088 596 1288 645 lubrica
1312 613 1556 659 surgens3

261 685 351 733 ille
376 690 550 733 autem
571 685 742 748 spissa
760 684 921 733 iacuit
946 684 1212 732 revolutus
1237 684 1442 732 harena.

261 773 466 820 Emicat
491 772 778 836 Euryalus1
804 777 855 820 et
880 788 1090 819 munere
1115 773 1281 820 vietor
1305 771 1458 820 amiei

260 859 430 923 prima
453 864 597 907 tenet
622 859 912 922 plausuque
936 859 1080 907 volat
1103 859 1424 922 fremituque
1450 860 1686 908 seeundo.

260 947 388 995 Post
413 947 673 1010 Helymus
701 947 855 1008 subit,
881 951 948 1008 et,
973 962 1112 994 nune
1139 946 1295 994 tertia
1317 945 1504 1009 palma,
1531 947 1729 996 Diores.

259 1174 339 1216 An
359 1177 428 1216 the
451 1181 721 1217 contestantis
741 1189 818 1217 are
840 1177 1075 1217 rewarded,

327 1285 430 1333 Hie
454 1290 620 1333 totum
647 1301 834 1333 caveae
861 1301 1157 1334 consessum
1182 1285 1410 1346 ingentis
1437 1290 1488 1332 et
1514 1300 1602 1333 ora

259 1372 427 1435 prima
450 1377 656 1435 patrum
682 1373 883 1434 magnis
911 1373 1082 1421 Salius
1110 1372 1417 1421 elamoribus
1442 1371 1628 1434 implet

261 1464 597 1523 ereptumque
625 1460 743 1508 dolo
768 1460 917 1508 reddi
945 1460 1043 1508 sibi
1069 1460 1237 1523 posuit
1262 1460 1521 1507 honorem.

259 1548 482 1595 Tutatur
507 1547 656 1595 favor
680 1547 984 1610 Euryalum,
1012 1547 1356 1609 lacrimaeque
1383 1546 1610 1607 decorae,

260 1635 453 1695 gratior
479 1639 530 1682 et
556 1634 773 1697 pulchro
799 1635 1012 1684 veniens
1039 1635 1095 1682 in
1122 1650 1331 1697 corpore
1355 1634 1541 1682 virtus.

259 1721 491 1770 Adiuvat
517 1727 568 1770 et
595 1738 780 1783 magna
804 1722 1091 1785 proclamat
1117 1737 1239 1769 voce
1265 1721 1465 1782 Diores,

259 1808 349 1872 qui
376 1809 536 1857 subiit
563 1809 763 1872 palma‘e
790 1810 1090 1872 frustraque
1117 1809 1183 1857 ad
1209 1807 1440 1872 praemia
1465 1808 1611 1856 venit

259 1896 459 1957 ultima,
487 1897 529 1945 si
556 1897 712 1959 primi
741 1897 880 1945 Salio
906 1897 1192 1944 reddantur
1217 1896 1450 1944 honores.

259 1985 389 2031 Tum
417 1989 563 2047 pater
590 1985 807 2045 Aeneas,
836 1989 848 2012 ‘
869 1984 1089 2045 Vestra,'
1115 1982 1302 2046 inquit,
1331 1988 1573 2030 ‘munera
1597 1983 1743 2032 vobis
1808 2027 1814 2035 .

259 2076 400 2118 certa
425 2077 647 2132 manent,
675 2071 837 2134 pueri,
865 2076 917 2119 et
942 2071 1167 2134 palmam
1193 2075 1366 2117 movet
1391 2069 1570 2117 ordine
1596 2086 1778 2133 nemo3

261 2173 341 2205 me
367 2158 521 2206 liceat
546 2174 695 2207 casus
722 2158 956 2206 miserari
982 2157 1205 2206 insontis
1231 2157 1415 2205 amici!

262 2245 344 2293 Sic
372 2246 512 2294 fatus
538 2251 738 2306 tergum
770 2245 981 2293 Gaetuli
1008 2245 1231 2292 immane
1258 2244 1424 2292 leonis

261 2332 350 2380 dat
377 2333 530 2393 Salio,
553 2333 694 2380 villis
723 2349 995 2381 onerosum
1021 2337 1177 2395 atque
1195 2332 1455 2393 unguibus
1481 2331 1689 2381 aureis?

261 2418 366 2467 Hie
390 2420 567 2481 Nisus,
598 2420 680 2467 ‘Si
706 2420 884 2480 tanta,⁷
912 2420 1100 2482 inquit,
1130 2424 1142 2447 ‘
1157 2423 1279 2467 sunt
1304 2419 1534 2482 praemia
1561 2419 1712 2468 vietis

261 2513 312 2554 et
337 2512 388 2554 te
414 2507 674 2570 lapsorum
701 2507 925 2567 miseret,
955 2522 1083 2569 quae
1112 2522 1325 2553 munera
1348 2506 1479 2554 Niso

262 2595 419 2655 digna
443 2595 604 2655 dabis,
633 2595 851 2657 primam
879 2594 1043 2641 merui
1069 2594 1158 2656 qui
1184 2593 1336 2641 laude
1363 2610 1614 2654 eoronam,

261 2681 313 2728 ni
342 2697 436 2743 me,
463 2697 593 2744 quae
621 2681 834 2742 Salium,
861 2682 1074 2728 fortuna
1098 2680 1310 2728 inimica
1334 2680 1542 2728 tulisset
1564 2684 1588 2729 ?
1607 2681 1619 2705 '

654 2797 690 2834 1.
726 2794 956 2843 Euryali-5.
1395 2795 1431 2832 2.
1466 2781 1623 2833 aur-Rs.

1942 1731 2013 1768 345

1941 2603 2013 2640 355
