2148 3204
224 101 294 156 58
759 119 813 157 P.
860 119 1119 159 VERGILI
1155 121 1435 160 MAnoms

231 256 398 298 Creusa
419 258 458 297 is
480 258 572 298 lost,
635 258 731 298 Her
744 237 962 308 phantom
983 261 1195 309 comforts
1216 261 1284 301 the
1305 262 1634 312 yries-stricken
1656 263 1873 304 husband.

292 346 507 409 Iamque
542 347 954 409 propinquabam
987 349 1150 411 portis
1181 365 1486 413 omnemque
1524 351 1738 400 videbar
1903 362 1972 400 730

224 433 449 482 evasisse
475 433 628 494 viam,
654 435 825 482 subito
858 451 973 482 cum
1002 437 1176 483 creber
1208 438 1272 484 ad
1311 438 1449 486 auris

224 521 368 569 visus
394 521 574 569 adesse
606 522 793 583 pedum
835 522 1052 583 sonitus,
1091 523 1397 587 genitorque
1433 541 1526 588 per
1560 527 1793 575 umbram

224 608 560 671 prospiciens,
585 609 786 669 ‘Nate,'
824 609 1095 671 exclamat,
1137 611 1299 673 ‘fuge,
1334 617 1483 675 nate,
1521 613 1901 677 propinquant3

224 695 454 744 ardentis
487 695 679 758 clipeos
711 702 866 759 atque
891 712 1011 745 aera
1046 698 1295 747 micantia
1315 700 1503 749 cern0.'

225 784 329 830 Hic
361 783 490 829 mihi
518 783 691 831 nescio
728 784 866 846 quod
897 785 1102 847 trepido
1140 786 1276 834 male
1305 803 1498 835 numen
1527 787 1748 836 amicum
1905 799 1976 837 735

224 871 494 918 confusam
524 870 716 933 eripuit
750 877 988 920 mentem.
1060 873 1303 936 Namque
1337 875 1455 923 avia
1486 891 1641 923 cursu

225 958 349 1004 dum
374 973 558 1020 sequor
592 963 643 1005 et
679 963 801 1006 nota
830 960 1021 1006 excedo
1056 960 1264 1022 regione
1296 961 1513 1024 viarum,

223 1045 352 1093 heu!
391 1045 579 1093 misero
616 1046 841 1093 coniunx
877 1047 1056 1094 fatone
1092 1054 1271 1111 erepta
1307 1049 1501 1099 Creusa

224 1132 506 1181 substitit?
578 1134 856 1181 Erravitne
894 1134 978 1182 via
1016 1151 1108 1183 seu
1142 1135 1283 1184 lassa
1317 1139 1559 1201 resedit?

224 1221 520 1267 Incertum:
559 1236 652 1268 nec
687 1226 804 1283 post
840 1222 1004 1270 oculis
1039 1227 1118 1270 est
1149 1224 1355 1272 reddita
1391 1226 1599 1288 nostris,
1905 1239 1978 1277 740

224 1322 318 1355 nec
354 1306 509 1369 prius*
540 1307 780 1357 amissam
814 1310 1019 1372 respexi
1049 1311 1345 1360 animumve
1377 1313 1571 1375 reflexi,

225 1410 375 1456 quam
412 1395 667 1442 tumulum
700 1396 944 1458 antiquae
977 1397 1176 1446 Cereris
1211 1399 1487 1463 sedemque
1522 1407 1775 1451 sacratam

229 1481 474 1530 venimus.
549 1482 652 1530 Hic
682 1484 887 1531 demum
920 1485 1152 1533 collectis
1181 1486 1419 1536 omnibns
1452 1505 1557 1537 una

224 1569 393 1616 defuit
418 1574 469 1617 et
493 1569 707 1618 comites
740 1577 1024 1634 natumque
1055 1572 1327 1637 virumque
1361 1575 1570 1624 fefellit.

223 1657 386 1713 Quem
415 1673 520 1704 non
553 1657 789 1706 incusavi
823 1675 1000 1708 amens
1031 1660 1402 1724 hominumque
1437 1663 1787 1728 deorumque,¹
1903 1679 1974 1716 745

177 1733 183 1740 ’
224 1749 313 1791 aut
344 1744 469 1806 quid
503 1744 556 1790 in
591 1760 768 1793 eversa
798 1746 908 1793 vidi
946 1747 1206 1796 crudelius
1235 1750 1402 1798 urbe?

223 1831 505 1879 Ascanium
532 1831 899 1896 Anchisenque
930 1840 1127 1896 patrem
1165 1836 1490 1900 Teucrosque
1523 1839 1740 1889 Penatis

224 1918 523 1965 commendo
561 1919 711 1968 sociis
751 1924 802 1967 et
839 1936 996 1969 curva
1031 1922 1167 1970 valle
1203 1925 1454 1987 recondo3
1666 1917 1667 1920 Ἴ

224 2005 335 2068 ipse
361 2006 539 2052 urbem
567 2012 741 2069 repeto
773 2013 824 2055 et
858 2008 1034 2071 cingor
1073 2009 1396 2071 fulgenti-bus
1431 2014 1603 2063 armis.

226 2093 340 2140 Stat
372 2108 518 2141 casus
554 2108 800 2142 renovare
844 2096 1009 2144 omnis
1039 2113 1343 2160 omnemque
1370 2102 1562 2149 reverti
1865 2116 1867 2119 ·
1901 2113 1974 2151 750

224 2196 313 2242 per
345 2180 551 2227 Troiam
586 2186 636 2228 et
670 2198 847 2230 rursus
881 2188 1036 2246 caput
1072 2185 1327 2234 obiectare
1353 2187 1578 2249 periclis.

224 2266 489 2329 Principio
516 2284 686 2316 muros
723 2269 1039 2333 obscuraque
1073 2271 1258 2320 limina
1288 2279 1479 2336 portae,

225 2370 327 2416 qua
363 2370 589 2415 gressum
629 2357 931 2418 extuleram,
963 2364 1142 2421 repeto
1178 2364 1230 2407 et
1264 2360 1489 2424 vestigia
1520 2368 1658 2413 retro

225 2442 496 2489 observata
527 2458 712 2504 sequor
743 2460 833 2506 per
866 2451 1068 2493 noctem
1103 2451 1155 2494 et
1188 2446 1383 2495 lumine
1412 2449 1594 2501 lustro.

226 2529 422 2575 Horror
466 2529 652 2591 ubique
688 2531 874 2591 animo,
911 2533 1063 2580 simul
1099 2532 1214 2596 ipsa
1249 2534 1460 2585 silentia
1494 2542 1705 2588 terrent.
1898 2553 1969 2590 755

226 2615 354 2662 Inde
392 2616 614 2676 domum,
655 2618 696 2664 si
734 2619 869 2665 forte
906 2621 1103 2682 pedem,
1129 2621 1172 2669 si
1210 2622 1343 2670 forte
1379 2623 1602 2686 tulisset,

225 2717 304 2748 me
341 2702 522 2751 refero.
596 2704 874 2752 Inruerant
908 2706 1075 2753 Danai
1111 2712 1162 2755 et
1191 2713 1385 2757 tectum
1420 2726 1568 2759 omne
1607 2715 1865 2764 tenebant.

640 2801 673 2837 1.
711 2801 967 2849 deorumque
981 2813 995 2840 .·
1024 2804 1127 2841 with
1146 2815 1241 2852 -que
1260 2807 1558 2854 hypermetric.
