2148 3204
678 148 985 189 AENEIDos
1023 149 1142 188 ΠΒ.
1186 123 1274 189 iv.

108 286 448 351 Sidoniasque
474 292 701 336 ostentat
728 305 849 352 opes
877 288 1156 352 urbemque
1183 291 1447 373 paratam3

106 369 291 431 incipit
317 368 478 429 effari,
507 369 813 431 mediaque
802 386 857 416 111
884 385 1004 417 voce
1029 366 1256 431 resist1t3
1311 367 1320 370 ’

105 471 240 503 nunc
267 456 443 503 eadem
470 455 675 503 labente
704 455 785 503 die
812 456 1053 504 convivia
1076 406 1281 519 quaerit

106 542 399 605 Iliacosque
423 542 613 591 iterum
638 545 848 593 demens
874 544 1053 592 audire
1078 543 1280 592 labores

106 630 340 692 exposcit
365 631 656 693 pendetque
682 632 871 679 iterum
891 629 1252 701 marrantis'lab
1278 647 1377 680 ore.

106 718 249 777 Post,
275 717 363 765 ubi
389 717 611 778 digressi
636 718 912 781 lumenque
940 703 1414 767 obscurassicissim

107 803 231 852 luna
256 804 445 866 premit
471 805 792 868 suadentque
821 805 1061 854 cadentia
1086 805 1257 854 sidera
1282 821 1503 867 somnos,

108 890 217 940 sola
243 891 395 939 domo
421 897 615 940 maeret
640 909 804 941 vacua
829 892 1111 955 stratisque
1136 893 1333 941 relictis

107 979 333 1027 incubat.
408 979 567 1026 Ilium
594 980 779 1028 absens
806 981 1070 1028 absentem
1098 979 1346 1042 auditque
1371 979 1636 1043 videtque,

106 1071 198 1116 aut
224 1065 418 1127 gremio
444 1066 742 1128 Ascanium,
770 1066 1020 1128 genitoris
1046 1067 1270 1128 imagine
1293 1073 1458 1130 capta,

107 1153 321 1214 detinet,
348 1153 621 1201 infandum
650 1153 693 1202 si
719 1153 903 1202 fallere
930 1153 1095 1217 possit
1122 1170 1360 1201 amoiem.

106 1242 226 1290 Non
251 1246 461 1304 coeptae
486 1242 775 1301 adsurgunt
798 1246 984 1302 turres,
1011 1257 1113 1288 non
1139 1257 1282 1289 arma
1304 1241 1550 1290 iuventus

77 1302 310 1377 {ercet
333 1333 579 1392 portusve
603 1334 692 1376 aut
716 1328 1101 1392 propugnacula
1124 1328 1260 1376 bello

106 1420 223 1464 tuta
246 1420 458 1478 parant3
485 1415 712 1478 pendent
737 1430 892 1477 opera
915 1415 1209 1478 interrupta
1232 1414 1505 1477 minaeque

107 1518 368 1550 murorum
393 1502 632 1564 ingentes
658 1507 980 1566 aequataque
1006 1501 1247 1550 machina
1271 1500 1427 1550 caelo.
1607 1495 1673 1560 ‚wis

106 1672 274 1714 Juno's
293 1673 396 1724 wily
409 1673 537 1723 plan.

175 1769 337 1826 Quam
363 1767 518 1817 simui
544 1783 602 1816 ac
626 1766 723 1816 tali
748 1766 1005 1831 persensit
1029 1772 1173 1831 peste
1200 1766 1367 1816 teneri
1433 1826 1437 1829 Α

108 1871 228 1905 cara
251 1854 394 1904 Iovis
419 1855 646 1902 coniunx
668 1870 764 1904 nec
788 1856 978 1904 famam
1008 1856 1213 1903 obstare
1239 1854 1423 1916 furori,

108 1943 302 1992 talibus
327 1942 628 2004 adgreditur
651 1943 902 1991 Venerem
932 1942 1177 1990 Saturnia
1201 1942 1391 1990 dictis:

111 2034 124 2059 ‘
139 2029 414 2092 Egregiam
441 2045 560 2077 vero
584 2030 792 2077 laudem
818 2037 869 2078 et
894 2029 1062 2093 spolia
1085 2029 1260 2092 ampla
1286 2000 1495 2077 refeitis

109 2121 270 2179 tuque
295 2133 522 2180 puerque
546 2121 700 2165 tuus·
689 2133 969 2179 ,magnum
998 2121 1050 2164 et
1075 2115 1408 2164 memmabile
1432 2131 1640 2177 numen,

109 2220 214 2251 una
238 2204 356 2251 dolo
381 2204 558 2252 divum
585 2203 629 2253 si
654 2203 852 2252 semina
875 2195 1109 2263 victaffu
1103 2196 1380 2266 ordii-rest.

109 2292 219 2338 Nec
245 2307 326 2338 me
351 2292 478 2339 adeo
503 2290 646 2339 fallit
672 2291 890 2338 veritam
917 2296 970 2338 te
995 2289 1197 2338 moenia
1220 2295 1401 2338 nostra

111 2383 377 2440 suspectas
403 2378 645 2426 habuisse
672 2379 851 2426 domos
876 2376 1224 2438 Karthaginis
1250 2377 1400 2425 altae,

1787 138 1852 192 91

1811 299 1857 336 75

113 2465 212 2512 Sed
239 2466 355 2527 quis
383 2465 481 2513 erit
506 2459 948 2544 111011113,Ψο
969 2481 1108 2534 nunc
1134 2464 1413 2513 certamine
1439 2465 1627 2513 ’canto-2
1690 2472 1733 2500 ix·
1790 2457 1803 2475 ..

110 2553 246 2609 Quin
270 2553 443 2616 potius
470 2569 645 2616 pacem
673 2558 932 2600 aeternam
958 2556 1240 2620 pactosque
1264 2551 1578 2617 hymenaeos

112 2651 404 2687 exercemus
426 2640 452 2686 ?
524 2640 718 2700 Habes,
744 2644 856 2687 tota
880 2639 1018 2701 quod
1042 2643 1215 2686 mente
1240 2636 1455 2702 petisti:

111 2726 256 2774 ardet
281 2742 457 2774 amans
483 2726 619 2773 Dido
643 2725 908 2788 traxitque
934 2742 1025 2788 per
1050 2741 1166 2773 ossa
1191 2725 1434 2773 furorem.

110 2811 445 2861 Communem
470 2811 607 2860 hunc
631 2828 750 2874 ergo
775 2811 1025 2876 populum
1049 2811 1362 2875 paribusque
1386 2825 1623 2872 regamus

1785 2645 1850 2683 100
