2148 3204
188 111 259 166 78
726 127 780 163 P.
827 125 1086 164 VERGILI
1123 124 1405 162 MARoms

189 264 413 328 imperat
437 264 504 313 ad
527 265 677 313 navis
702 265 829 312 ferri
855 264 1119 327 stipatque
1145 261 1334 311 carinis
1869 271 1943 311 465

190 354 372 414 ingens
399 358 669 414 argentum
696 353 1103 414 Dodonaeosque
1128 351 1341 412 lebetas,

189 438 401 487 loricam
427 444 715 487 consertam
741 439 909 486 hamis
935 454 1160 501 auroque
1184 437 1408 486 trilicem

189 532 243 576 et
267 543 450 575 conum
477 527 698 588 insignis
725 527 900 588 galeae
927 528 1211 589 cristasque
1237 527 1506 587 comantis,

191 631 334 663 arma
356 614 703 677 Neoptolemi.
779 615 910 662 Sunt
935 619 986 662 et
1014 629 1106 661 sua
1131 614 1266 661 dona
1289 612 1508 676 parenti.

192 703 357 750 Addit
382 718 541 765 equos
566 702 814 764 additque
842 702 1026 763 duces3
1867 709 1944 747 470

190 789 463 852 remigium
490 789 699 853 supplet
714 808 726 851 3
767 789 932 837 300103
959 788 1115 837 simul
1141 787 1356 837 instruit
1381 787 1554 836 armis.

191 960 265 1000 An
287 961 564 1010 affectionate
575 961 796 1017 farewell.

1275 1004 1304 1015 κ,

259 1057 469 1104 Interea
493 1055 711 1104 classem
738 1055 868 1103 velis
896 1059 1074 1118 aptare
1099 1053 1310 1102 iubebat
1454 1053 1530 1112 -Jw'
1553 1040 1577 1086 f*

191 1143 463 1203 Anchises,
490 1142 639 1191 fieret
665 1148 819 1190 vento
846 1158 990 1190 mora
1014 1157 1078 1189 ne
1105 1157 1207 1204 qua
1230 1140 1435 1188 ferenti.
1520 1199 1522 1201 Ι

191 1231 353 1287 Quem
380 1230 577 1278 Phoebi
602 1230 857 1293 interpres
883 1229 1049 1277 multo
1072 1228 1348 1291 compellat
1374 1227 1594 1276 honore:

193 1323 205 1346 ί
223 1317 490 1379 Coniugio,
519 1318 763 1378 Anchisa,
790 1316 1009 1366 Veneris
1036 1316 1245 1377 dignate
1273 1315 1509 1377 superbo,
1871 1325 1944 1362 475

191 1422 313 1454 cura
338 1406 506 1466 deum,
533 1405 611 1453 bis
637 1404 933 1466 Pergameis
960 1409 1133 1466 erepte
1160 1402 1342 1464 ruinis,

192 1509 306 1541 ecce
332 1493 430 1541 tibi
456 1493 718 1541 Ausoniae
744 1491 928 1554 tellus3
968 1492 1101 1539 hanc
1128 1489 1296 1553 arripe
1324 1489 1471 1538 velis.

192 1582 260 1627 Et
285 1586 460 1628 tamen
483 1580 617 1627 hanc
643 1580 826 1643 pelago
852 1578 1228 1641 praeterlabare
1254 1592 1460 1625 necesse
1487 1581 1567 1624 est
1582 1595 1594 1638 3

194 1668 454 1716 Ausoniae
481 1683 599 1730 pars
625 1667 718 1714 illa
743 1667 935 1730 procul,
964 1683 1116 1729 quam
1144 1665 1329 1728 pandit
1353 1663 1556 1727 Apollo.

192 1755 369 1815 Vade’,
398 1755 485 1815 ait,
515 1759 527 1783 ‘
544 1771 572 1802 o
599 1754 731 1802 felix
756 1754 866 1802 nati
893 1754 1102 1816 pietate.
1179 1752 1315 1808 Quid
1338 1751 1478 1798 ultra
1870 1760 1944 1797 480

192 1843 446 1905 provehor
471 1847 522 1889 et
547 1842 707 1890 fando
736 1841 995 1902 surgentis
1022 1841 1258 1888 demoror
1284 1843 1485 1886 austros
1505 1840 1529 1885 ?
1548 1837 1561 1862 '

193 1931 304 1978 Nec
330 1929 500 1977 minus
529 1929 904 1989 Andromache,
934 1928 1169 1989 digressu
1196 1930 1396 1974 maesta
1419 1906 1672 1988 supremo,

194 2017 297 2064 fert
323 2017 607 2079 picturatas
635 2015 746 2064 auri
773 2015 1063 2064 subtemine
1090 2019 1259 2063 vestes

194 2108 246 2151 et
270 2104 556 2167 Phrygiam
583 2103 810 2152 Ascanio
837 2103 1180 2166 chlamydem,
1207 2117 1300 2149 nec
1327 2100 1464 2149 cedit
1487 2098 1686 2160 honori,

192 2191 569 2253 textilibusque
596 2197 774 2238 onerat
796 2190 945 2238 donis
972 2206 1029 2237 ac
1054 2189 1182 2237 talia
1207 2189 1349 2236 fatur
1370 2206 1380 2236 :
1873 2197 1945 2233 485

197 2279 416 2341 ‘Accipe
442 2284 493 2325 et
519 2278 660 2339 haec,
689 2294 930 2325 manuum
960 2277 1056 2325 tibi
1082 2292 1212 2339 quae
1238 2279 1572 2322 monumenta
1598 2289 1825 2321 mearum

195 2366 314 2425 sint,
343 2381 483 2428 puer,
512 2371 563 2412 et
589 2365 796 2426 longum
828 2364 1222 2412 Andromachae
1248 2366 1506 2410 testentur
1531 2375 1773 2421 amorem,

196 2452 427 2514 coniugis
455 2453 755 2500 Hectoreae.
829 2452 966 2514 Cape
993 2451 1127 2499 dona
1151 2455 1381 2498 extrema
1404 2453 1625 2508 tuorum,

195 2556 223 2587 o
250 2539 377 2586 mihi
405 2539 514 2587 sola
538 2539 638 2586 11161
666 2556 818 2601 super
843 2537 1181 2602 Astyanactis
1209 2537 1389 2596 imago.

198 2627 282 2674 Sic
309 2626 500 2686 oculos,
531 2625 603 2673 sic
631 2626 720 2673 ille
747 2642 943 2684 manus,
973 2625 1045 2672 sic
1072 2640 1159 2672 ora
1184 2624 1412 2685 ferebat;
1870 2630 1942 2667 49⁰

195 2718 247 2761 et
272 2729 408 2760 nunc
433 2713 636 2774 aequali
662 2718 830 2759 tecum
857 2712 1160 2774 pubesceret
1186 2710 1342 2757 aevo!

197 2801 311 2848 Hos
337 2816 430 2861 ego
456 2799 750 2861 digrediens
776 2798 1003 2846 lacrimis
1030 2797 1244 2844 adfabar
1270 2794 1494 2844 obortis:
