2148 3204
674 166 980 205 AENEmos
1016 165 1135 203 Lm.
1180 165 1242 204 V.
1740 149 1841 200 133

96 311 231 361 Cede
258 309 384 358 deo!
453 306 707 369 Dixitque
733 310 785 353 et
809 290 1008 368 proelia
1031 319 1153 351 voce
1181 302 1401 351 diremit.

97 401 198 446 Ast
222 397 370 444 illum
396 395 489 443 fidi
515 394 771 456 aequales,
800 408 967 453 genua
991 406 1145 452 aegra
1168 390 1460 437 trahentem

96 486 478 545 iactantemque
504 486 721 543 utroque
749 484 903 542 caput
929 492 1261 539 crassumque
1292 492 1524 524 cruorem

98 588 182 620 ore
208 573 513 619 eiectantem
539 568 832 628 mixtosque
858 566 910 612 in
941 564 1189 625 sanguine
1220 564 1415 625 dentes,
1777 575 1846 611 470

99 661 294 707 ducunt
320 658 385 706 ad
410 656 573 716 navis,
602 654 903 715 galeamque
930 668 1208 715 ensemque
1236 653 1409 700 vocati

98 747 375 809 accipiunt,
403 744 628 807 palmam
653 740 864 788 Entello
890 745 1199 802 taurumque
1228 740 1545 803 relinquunt.

99 835 204 881 Hic
230 833 406 892 victor,
435 845 682 893 superans
708 828 894 876 animis
921 832 1171 889 tauroque
1202 829 1468 890 superbus,

101 922 265 968 ‘Nate
292 921 388 968 dea
411 933 604 980 vosque
630 916 786 976 haec‚'
815 901 1003 977 inquit,
1035 920 1047 943 ‘
1070 916 1373 977 cognoscite,
1403 915 1604 977 Teucri,

100 1013 152 1056 et
177 1007 306 1054 mihi
332 1022 462 1069 quae
488 1003 687 1052 fuerint
711 1002 940 1050 iuvenali
966 1002 1022 1049 in
1048 1019 1256 1065 corpore
1284 1002 1434 1063 vires,
1780 1013 1851 1050 475

100 1102 152 1144 et
177 1111 278 1158 qua
303 1093 519 1143 servetis
544 1096 840 1139 revocatum
867 1106 897 1137 a
922 1095 1084 1137 morte
1114 1089 1338 1138 Dareta.’

100 1182 250 1231 Dixit
276 1186 326 1229 et
352 1179 557 1229 adversi
578 1183 758 1226 contra
778 1176 927 1225 stetit
954 1193 1041 1224 ora
1068 1177 1287 1236 iuvenci,

101 1269 193 1333 qui
216 1270 403 1316 donum
433 1267 672 1316 adstabat
699 1283 914 1329 pugnae,
937 1267 1195 1327 durosque
1224 1264 1437 1312 reducta

101 1357 314 1406 libravit
339 1357 526 1403 dextra
549 1355 720 1402 media
745 1353 881 1401 inter
910 1368 1099 1401 cornua
1126 1356 1343 1412 caestus,

103 1445 309 1503 arduus,
337 1443 651 1504 effractoque
677 1440 846 1488 inlisit
866 1439 920 1487 in
947 1455 1063 1488 ossa
1088 1439 1320 1487 cerebro:
1782 1450 1853 1486 480

104 1530 353 1580 sternitur
378 1529 735 1590 exanimisque
761 1533 988 1575 tremens
1015 1525 1307 1589 procumbit
1333 1525 1479 1573 humi
1504 1525 1612 1574 bos.

103 1618 204 1666 Ille
230 1633 382 1680 super
408 1616 530 1664 talis
558 1615 780 1663 effundit
806 1619 1012 1677 pectore
1038 1629 1188 1661 voces
1209 1632 1220 1661 :

106 1706 287 1752 ‘Hanc
311 1703 425 1764 tibi,
450 1704 609 1765 Eryx,
637 1702 904 1749 meliorem
929 1701 1153 1749 animam
1179 1716 1271 1762 pro
1298 1705 1461 1747 morte
1489 1699 1697 1748 Daret-is

104 1791 366 1856 persolV03
405 1790 492 1838 hic
516 1790 682 1838 victor
707 1794 913 1838 caestus
939 1796 1206 1851 artemque
1232 1787 1453 1851 repono?

114 1961 203 2001 The
224 1960 605 2009 aaronem-contest.

172 2055 419 2104 Protinus
445 2054 648 2102 Aeneas
673 2053 827 2102 celeri
852 2057 1045 2101 certare
1071 2051 1265 2113 sagitta
1786 2061 1859 2099 485

106 2143 298 2192 invitat
322 2142 413 2205 qui
435 2142 573 2190 forte
598 2141 762 2189 velint
788 2146 838 2189 et
857 2139 1088 2203 praemia
1110 2139 1260 2202 ponit

107 2230 408 2293 ingentique
435 2245 592 2276 manu
616 2228 808 2276 malum
837 2228 898 2275 de
923 2243 1055 2275 nave
1085 2226 1280 2275 Seresti

109 2317 263 2378 erigit
288 2308 340 2365 et
360 2316 622 2364 volucrem
649 2315 866 2362 traiecto
890 2314 946 2361 in
969 2314 1095 2361 fune
1122 2314 1425 2375 columbam,

110 2420 210 2467 quo
234 2403 452 2451 tendant
477 2403 690 2462 ferrum,
716 2401 851 2448 malo
878 2401 1151 2463 suspendit
1176 2401 1239 2448 ab
1264 2400 1384 2449 alto.

111 2492 407 2540 Convenere
432 2489 533 2536 viri
558 2489 914 2550 deiectamque
940 2503 1088 2535 aerea
1122 2492 1311 2535 sortem
1788 2497 1860 2535 490

110 2577 309 2640 accepit
335 2576 502 2637 galea3
542 2580 593 2623 et
618 2575 815 2638 primus
836 2574 1056 2622 clamore
1083 2575 1307 2622 secundo

112 2664 433 2727 Hyrtacidae
459 2668 578 2710 ante
605 2662 770 2709 omnis
796 2662 904 2709 exit
928 2661 1069 2709 locus
1096 2660 1492 2723 Hippocoontis.

111 2752 271 2807 Quem
297 2750 449 2797 modo
472 2749 647 2797 navali
672 2748 978 2796 Mnestheus
1005 2748 1287 2796 certamine
1312 2749 1479 2796 victor

112 2835 460 2900 consequitur,
485 2835 644 2883 viridi
669 2835 974 2883 Mnestheus
1000 2835 1236 2882 evinctus
1262 2833 1412 2882 oliva.
