2148 3204
770 547 1250 649 AENEIDos

827 748 1047 797 LIBER
1092 745 1187 795 VI.

144 941 233 982 The
255 940 441 990 landino
462 942 508 978 at
535 935 713 978 Cumae.
780 933 868 973 The
890 932 1045 980 temple
1068 929 1119 979 of
1133 927 1308 978 Apollo.

206 1036 289 1085 Sic
313 1036 456 1083 fatur
479 1032 757 1081 lacrimans
782 1026 1039 1089 classique
1065 1021 1308 1071 immittit
1331 1020 1575 1079 habenas,

139 1129 190 1173 et
215 1123 423 1172 tandem
450 1118 694 1168 Euboicis
722 1117 1003 1182 Curi-iarun}
1027 1110 1288 1160 adlabitur
1314 1107 1430 1155 oris
1548 1097 1581 1138 1
1584 1108 1599 1131 ³⁷
1691 1111 1694 1114 ’

140 1212 432 1261 Obvertunt
456 1207 639 1270 pelago
665 1218 858 1268 proras,
886 1207 1000 1249 tum
1026 1200 1180 1247 dente
1204 1194 1374 1245 tenaci

140 1313 326 1348 ancora
349 1295 605 1344 fundabat
629 1291 796 1352 navis,
825 1295 874 1338 et
898 1289 1055 1336 litora
1082 1300 1269 1334 curvae

140 1388 451 1450 praetexunt
475 1396 691 1445 puppes.
763 1379 1021 1426 Iuvenum
1047 1389 1230 1422 manus
1256 1370 1444 1419 emicat
1469 1367 1654 1416 ardens
1868 1370 1893 1412 5

142 1474 268 1521 litus
294 1472 349 1519 in
374 1469 719 1532 Hesperium3
758 1464 963 1529 quaerit
987 1478 1107 1526 pars
1135 1459 1331 1509 semina
1357 1457 1593 1505 flammae

144 1562 382 1609 abstrusa
406 1557 462 1604 in
486 1555 632 1604 venis
660 1553 840 1614 silicis,
866 1567 986 1615 pars
1013 1550 1174 1597 densa
1198 1547 1427 1594 ferarum

144 1653 283 1696 tecta
306 1645 444 1709 rapit
472 1644 646 1703 silvas,
673 1641 992 1702 inventaque
1017 1636 1233 1684 flumina
1258 1635 1529 1681 monstrat.

146 1736 220 1783 At
245 1734 361 1797 pius
387 1733 590 1780 Aeneas
619 1745 775 1789 arces,
804 1727 992 1791 quibus
1019 1724 1155 1773 altus
1182 1720 1375 1784 Apollo
1525 1703 1531 1709 ’

147 1822 423 1887 praesidet,
449 1818 836 1879 horrendaeque
861 1812 1040 1877 procul
1067 1815 1262 1860 secreta
1288 1806 1536 1870 Sibyllae,
1856 1810 1900 1848 10

150 1915 356 1958 antrum
380 1907 620 1966 immane,
646 1904 796 1967 petit,
822 1916 1064 1962 magnam
1089 1897 1173 1946 cui
1197 1878 1419 1944 mentem
1447 1892 1782 1952 animumque

150 1996 334 2044 Delius
359 1993 583 2056 inspirat
608 1996 755 2039 vates
781 1987 1051 2052 aperitque
1078 1986 1270 2033 futura.

152 2085 267 2132 Iam
292 2082 514 2130 subeunt
540 2078 750 2126 Triviae
774 2076 918 2124 lucos
944 2079 1100 2136 atque
1127 2086 1280 2120 aurea
1303 2072 1455 2117 tecta.

163 2252 251 2292 The
273 2250 707 2301 temple-sculptures.
777 2245 864 2285 The
885 2253 1112 2283 summons
1134 2241 1188 2292 of
1201 2240 1270 2280 the
1295 2236 1431 2286 Sibyl.

133 2354 139 2360 '
222 2345 499 2405 Daedalus,
525 2348 585 2391 ut
609 2343 750 2390 fama
775 2345 853 2389 est
895 2338 1102 2400 fugiens
1128 2334 1329 2383 Minoia
1352 2346 1524 2392 regna,
1555 2302 1628 2371 so,
1679 2309 1682 2311 ⁵

157 2432 490 2497 praepetibus
516 2377 874 2493 Pinna-‘Am
903 2441 956 2474 se
981 2424 1187 2473 credere
1212 2420 1368 2481 caelo,
1863 2422 1907 2459 15

158 2521 421 2569 insuetum
445 2534 537 2581 per
560 2517 661 2565 iter
687 2515 884 2577 gelidas
911 2511 1088 2561 enavit
1114 2510 1179 2558 ad
1205 2512 1374 2557 arctos

161 2606 562 2668 Chalcidicaque
585 2603 717 2652 levis
744 2602 957 2650 tandem
983 2614 1137 2662 super
1162 2595 1371 2645 adstitit
1396 2608 1526 2641 arce.

161 2694 418 2741 Redditus
443 2691 526 2739 his
553 2690 778 2753 primum
803 2686 959 2735 terris
982 2685 1096 2745 tibi,
1123 2682 1345 2742 Phoebe,
1373 2677 1600 2729 sacravit

164 2779 437 2840 remigium
463 2777 663 2826 alarum
687 2774 969 2839 posuitque
994 2769 1244 2819 immania
1267 2766 1477 2830 templa.

1005 2858 1083 2898 149
