2148 3204
234 122 303 173 40
774 131 829 169 P.
875 128 1135 167 VERGILI
1172 125 1450 164 MARoms
1483 183 1490 188 “

237 274 331 323 illa
355 272 495 322 subit
520 269 825 332 mediaeque
852 267 1055 316 minans
1082 264 1334 313 inlabitur
1359 262 1489 312 urbi.

241 363 282 411 O
308 361 494 425 patria,
522 375 551 407 o
576 358 757 406 divum
783 357 967 403 domus
996 353 1155 401 Ilium
1182 359 1233 400 et
1259 351 1459 402 incluta
1481 349 1619 398 bello

240 448 444 497 moenia
468 445 855 494 Dardanidum!
929 442 1120 498 Quater
1145 440 1259 503 ipso
1284 439 1339 486 in
1365 437 1542 486 limine
1568 442 1747 500 portae

242 535 494 595 substitit,
521 538 677 596 atque
703 537 852 579 utero
877 529 1105 578 sonitum
1133 532 1315 590 quater
1340 541 1484 574 arma
1507 525 1722 573 dedere:

243 625 497 672 instamus
523 628 696 669 tamen
723 619 1049 666 immemores
1078 615 1317 678 caecique
1342 614 1516 661 furore

243 718 294 760 et
319 714 608 758 monstrum
635 707 824 755 infelix
851 709 1050 754 sacrata
1077 703 1312 751 sistimus
1341 716 1475 750 arce.

245 801 390 847 Tunc
416 797 573 845 etiam
599 796 726 843 fatis
753 793 919 857 aperit
945 792 1241 841 Cassandra
1264 789 1458 838 futuris

246 903 347 947 ora,
375 885 457 933 dei
483 885 627 932 iussu
646 899 750 930 non
774 896 1023 944 umquam
1054 879 1251 927 credita
1276 877 1504 927 Teucris.

246 975 356 1022 Nos
383 972 598 1020 delubra
623 971 775 1018 deum
801 969 992 1029 miseri,
1020 967 1208 1030 quibus
1235 965 1453 1013 ultimus
1477 969 1615 1014 esset

247 1061 337 1109 ille
364 1060 490 1121 dies,
518 1059 656 1107 festa
678 1057 913 1105 velamus
938 1054 1125 1103 fronde
1152 1069 1243 1117 per
1265 1053 1465 1102 urbem.

258 1213 343 1252 The
370 1211 531 1252 Greeks
544 1221 663 1261 pour
674 1209 802 1261 forth
816 1210 939 1260 from
962 1208 1032 1247 the
1055 1207 1197 1247 horse.

318 1307 553 1357 Vertitur
577 1305 628 1353 in
638 1310 779 1353 terea
804 1303 1000 1352 caelum
1030 1307 1082 1351 et
1106 1302 1211 1350 ruit
1238 1302 1440 1351 Oceano
1463 1317 1582 1362 nox,

251 1396 522 1444 involvens
548 1394 732 1441 umbra
758 1407 945 1452 magna
969 1396 1264 1452 terramque
1290 1389 1571 1452 polumque

254 1482 746 1547 Myrmidonumque
773 1479 948 1541 dolos3
977 1478 1083 1526 fusi
1107 1491 1198 1541 per
1225 1477 1429 1524 moenia
1452 1474 1638 1523 Teucri

253 1569 560 1629 conticuere,
588 1583 739 1630 sopor
765 1564 1315 1629 fessoscomplectitur
1341 1568 1501 1611 artus.

254 1659 324 1706 Et
349 1658 452 1705 iam
477 1655 676 1717 Argiva
699 1644 929 1717 phalanx'
956 1651 1227 1701 instructis
1254 1651 1470 1699 navibus
1497 1650 1607 1699 ibat

256 1761 286 1793 a
310 1744 533 1803 Tenedo,
559 1742 749 1790 tacitae
774 1756 864 1804 per
889 1740 1054 1788 amica
1080 1739 1291 1787 silentia
1314 1738 1468 1786 lunae

256 1833 412 1880 litora
436 1836 558 1877 nota
584 1834 780 1892 petens,
808 1828 1042 1875 flammas
1069 1842 1185 1874 cum
1213 1826 1353 1887 regia
1378 1824 1570 1888 puppis

258 1919 530 1978 extulerat,
558 1917 788 1978 fatisque
816 1916 968 1963 deum
996 1915 1241 1962 defensus
1270 1912 1464 1976 iniquis

258 2007 485 2054 inclusos
511 2009 659 2052 utero
685 2005 893 2050 Danaos
920 2007 971 2050 et
997 2001 1152 2065 pinea
1177 2001 1362 2048 furtim

259 2094 403 2141 laxat
429 2092 655 2139 claustra
682 2090 858 2138 Sinon.
931 2088 1058 2137 Illos
1086 2088 1379 2151 patefactus
1405 2087 1467 2135 ad
1497 2103 1648 2150 auras

260 2179 434 2228 reddit
460 2195 620 2241 equus
648 2178 874 2240 laetique
900 2192 1026 2224 cavo
1052 2191 1105 2224 se
1130 2175 1308 2223 robore
1334 2179 1577 2238 promunt

262 2266 622 2315 Thessandrus
651 2264 1030 2325 Sthenelusque
1058 2263 1213 2311 duces
1234 2267 1285 2310 et
1310 2262 1454 2309 dirus
1480 2261 1682 2321 Ulixes,

262 2354 543 2402 demissum
571 2351 707 2415 lapsi
735 2367 823 2414 per
850 2352 1045 2410 funem,
1074 2350 1398 2412 Acamasque
1425 2349 1700 2411 Thoasque

264 2441 573 2502 Pelidesque
600 2438 972 2501 Neoptolemus
1000 2438 1304 2500 primusque
1329 2435 1586 2485 Machaon

265 2535 316 2575 et
342 2527 610 2575 Menelaus
638 2531 688 2573 et
714 2526 824 2587 ipse
851 2525 957 2572 doli
985 2525 1265 2572 fabricator
1295 2524 1480 2586 Epeos.

266 2615 531 2662 Invadunt
556 2613 733 2660 urben}
762 2628 941 2659 sonmo
967 2612 1190 2673 vinoque
1216 2611 1490 2674 sepultam,

267 2702 551 2750 caeduntur
578 2699 778 2759 vigiles,
801 2699 1067 2760 portisque
1094 2698 1395 2760 patentibus
1422 2695 1590 2745 omnis

267 2787 529 2851 accipiunt
549 2786 712 2834 socios
738 2790 893 2848 atque
918 2784 1127 2846 agmina
1150 2784 1355 2832 conscia
1380 2784 1616 2846 iungunt.

1931 1309 2005 1346 250

1942 2185 2012 2223 ἓ
