2148 3204
731 109 1038 146 AENEIDOS
1077 109 1196 145 121ss.
1242 109 1332 145 111.

164 248 404 297 hostilem
427 249 493 296 ad
517 232 776 318 tumulum
805 246 987 295 Troiae
1016 247 1110 294 sub
1137 247 1406 294 moenibus
1434 245 1555 296 altis

164 351 307 383 lussa
332 335 476 395 mori,
504 351 634 398 quae
661 334 874 383 sortitus
901 350 1002 381 non
1030 333 1249 396 pertulit
1273 333 1410 381 ullos

163 438 256 470 nec
283 422 494 470 victoris
521 422 596 469 eri
621 422 798 483 tetigit
822 422 1030 484 captiva
1054 421 1222 469 cubile
1246 422 1255 468 1

163 510 274 557 Nos
300 509 470 572 patria
493 509 704 557 incensa
729 508 934 557 diversa
958 525 1049 571 per
1075 523 1299 570 aequora
1324 512 1499 556 vectae

166 596 342 660 stirpis
370 596 639 644 Achilleae
664 596 834 644 fastus
861 596 1203 657 iuvenemque
1232 595 1524 658 superbum,
1545 593 1577 641 ³5-

166 683 380 732 servitio
405 683 603 745 enixae,
629 683 875 745 tulimus3
903 683 992 745 qui
1019 683 1220 743 deinde,
1250 687 1455 730 secutus

165 772 421 841 Ledaeam
447 771 768 819 Hermionen
793 770 1329 831 Lacedaemoniosque
1355 769 1686 832 hymenaeos,

166 875 246 907 me
271 850 470 907 famulo
495 859 851 921 famulamque
877 858 1083 905 Heleno
1109 857 1404 905 transmisit
1430 856 1734 904 habendam.

1442 927 1518 945 ³——

165 947 267 995 Ast
291 946 443 993 illum
467 952 673 1008 ereptae
697 962 884 1006 magno
909 945 1262 996 infiammatus
1289 960 1460 991 amore

165 1033 398 1102 coniugis
424 1038 476 1081 et
502 1032 752 1081 scelerum
778 1032 952 1080 Furiis
979 1032 1205 1093 agitatus
1236 1031 1441 1080 Orestes

166 1121 360 1184 excipit
385 1122 649 1168 incautum
676 1119 976 1182 patriasque
1004 1119 1276 1182 obtruncat
1303 1118 1369 1166 ad
1393 1133 1521 1167 aras.

166 1210 336 1256 Morte
361 1207 692 1270 Neoptolemi
717 1223 989 1268 regnorum
1016 1206 1222 1253 reddita
1247 1205 1403 1253 cessit

167 1311 284 1359 pars
311 1296 531 1356 Heleno,
558 1294 647 1357 qui
674 1294 931 1343 Chaonios
958 1295 1260 1354 cognomine
1287 1308 1494 1355 campos

167 1382 554 1444 Chaoniamque
578 1397 782 1428 omnem
807 1380 1031 1428 Troiano
1057 1396 1087 1428 a
1112 1381 1318 1429 Chaone
1345 1374 1494 1439 dixit,

167 1470 521 1531 Pergamaque
548 1469 866 1530 Iliacamque
892 1468 1029 1529 iugis
1055 1468 1188 1514 hanc
1216 1467 1418 1514 addidit
1444 1482 1626 1515 arcem.

169 1557 270 1604 Sed
289 1555 387 1604 tibi
412 1556 502 1619 qni
526 1572 734 1604 cursum
759 1555 918 1616 venti,
945 1570 1076 1618 quae
1103 1554 1219 1602 fata
1245 1554 1430 1601 dedere
1450 1555 1474 1602 ?

167 1644 277 1692 Aut
301 1644 540 1707 quisnam
566 1642 803 1704 ignarum
832 1641 1021 1691 nostris
1049 1643 1173 1690 deus
1200 1641 1405 1704 appulit
1430 1640 1532 1689 oris
1555 1643 1581 1689 ἱ)

167 1731 300 1789 Quid
325 1747 452 1794 puer
481 1731 736 1779 Ascanius
760 1732 785 1779 ?
859 1730 1144 1793 Snperatne
1172 1734 1223 1776 et
1251 1728 1476 1777 vescitur
1501 1744 1642 1790 aura,

166 1835 319 1881 quem
343 1818 445 1867 tibi
468 1818 568 1866 iam
599 1818 753 1867 Troia
788 1856 798 1866 .
837 1855 848 1866 .
888 1854 899 1866 .
940 1818 966 1866 ?

154 1902 346 1969 'Ecqua
367 1912 544 1954 tamen
566 1922 725 1969 puero
751 1910 831 1953 est
859 1904 1078 1954 amissae
1105 1920 1227 1952 cura
1253 1902 1529 1967 parentis?

166 1993 371 2056 Ecquid
395 1993 451 2040 in
476 1993 743 2056 antiquam
769 1993 1016 2040 Virtutem
1044 1992 1343 2053 animosque
1369 1989 1540 2038 virilis

167 2084 220 2128 et
245 2085 393 2143 pater
416 2080 619 2128 Aeneas
646 2084 696 2127 et
721 2079 1006 2127 avunculus
1034 2078 1227 2126 excitat
1253 2078 1452 2152 HOCQ
1471 2078 1496 2125 ἱ)
1512 2075 1528 2101 '

169 2167 318 2215 Talia
341 2167 596 2215 fundebat
619 2166 895 2215 lacrimans
914 2166 1199 2228 longosque
1228 2164 1395 2212 ciebat

168 2254 427 2302 incassum
453 2254 620 2314 fletus,
648 2270 759 2301 cum
791 2269 901 2302 sese
926 2269 957 2302 a
979 2253 1247 2300 moenibus
1274 2251 1424 2299 heros

167 2340 456 2389 Priamides
484 2341 661 2390 multis
687 2341 923 2389 Helenus
949 2340 1316 2388 comitantibus
1344 2338 1530 2400 adfert,

105 2464 108 2468 -
169 2429 538 2490 adgnoscitque
565 2445 684 2477 suos
707 2428 978 2491 laetusque
1004 2429 1070 2476 ad
1095 2427 1279 2475 limina
1305 2425 1448 2474 ducit

169 2520 220 2563 et
244 2515 467 2563 multum
491 2515 730 2564 lacrimas
755 2516 913 2564 verba
936 2515 1072 2562 inter
1100 2515 1305 2575 singula
1329 2512 1521 2561 fundit.

169 2603 398 2650 Procedo
423 2608 474 2650 et
498 2619 712 2666 parvam
736 2602 940 2650 Troiam
971 2601 1315 2663 simulataque
1342 2599 1542 2661 magnis

170 2691 419 2750 Pergama
443 2700 494 2736 et
518 2695 746 2737 arentem
772 2688 974 2737 Xanthi
999 2689 1299 2749 cognomine
1326 2688 1496 2734 rivum

172 2776 423 2835 adgnosco
449 2776 737 2839 Scaeaeque
763 2775 1045 2838 amplector
1069 2774 1253 2822 limina
1285 2778 1480 2836 portae.

1840 94 1906 148 73

1841 516 1911 554 325

1842 953 1914 991 330

1843 2258 1917 2297 345
