2148 3204
742 164 1051 202 AENEIDOS
1091 164 1212 201 LIB.
1257 163 1316 201 V.

154 303 239 352 vel
263 309 337 364 tu,
364 303 500 367 quod
527 309 776 365 superest,
804 303 997 350 infesto
1023 301 1244 350 fulmine
1270 302 1438 363 morti,

156 392 201 440 si
225 407 437 452 mereor,
465 390 678 438 demitte
703 396 895 451 tuaque
921 390 1005 436 hic
1032 390 1189 437 obrue
1224 390 1435 437 dextra!

154 480 258 528 Vix
283 479 409 526 haec
434 478 682 538 ediderat,
710 493 825 524 cum
851 477 1031 525 effusis
1059 477 1309 525 imbribus
1336 483 1450 525 atra

153 571 437 630 tempestas
463 565 574 613 sine
600 580 740 612 more
766 565 898 612 furit
922 565 1221 627 tonitruque
1242 568 1559 612 tremescunt

153 655 315 703 ardua
337 659 593 701 terrarum
618 656 669 699 et
695 653 891 715 campi3
930 652 1035 700 ruit
1061 653 1265 700 aethere
1290 657 1398 700 toto

153 742 392 790 turbidus
419 740 582 788 imber
608 755 743 802 aqua
768 739 1046 802 densisque
1073 740 1383 801 nigerrimus
1409 740 1599 788 austris

153 828 539 892 implenturque
566 843 719 890 super
744 843 958 890 puppes,
987 832 1214 875 semusta
1239 827 1541 875 madescunt

151 916 348 975 robora,
375 914 654 963 restinctus
681 914 842 962 donec
870 930 1027 978 vapor
1053 914 1219 962 omnis
1246 919 1297 961 et
1321 930 1514 975 omnes,

153 1007 398 1066 quattuor
422 1001 645 1063 amissis,
674 1007 908 1050 servatae
933 1017 963 1049 a
987 1007 1132 1065 peste
1159 1001 1379 1050 carinae.

160 1172 247 1212 The
269 1172 379 1223 aqed
399 1172 490 1212 and
509 1172 638 1212 tz‘mid
659 1183 733 1212 are
756 1172 835 1223 left
855 1172 958 1211 with
977 1170 1184 1234 Acestes.v

217 1267 292 1315 At
316 1271 465 1330 pater
488 1267 707 1328 Aeneas,
734 1283 857 1315 casu
882 1283 1162 1315 concussus
1187 1267 1384 1328 acerbo,

150 1370 287 1402 nunc
311 1354 413 1403 huc
439 1354 682 1415 ingentis,
711 1370 849 1402 nunc
873 1354 1001 1402 illuc
1024 1359 1229 1417 pectore
1255 1370 1404 1403 curas

95 1492 105 1506 .
128 1434 132 1438 ⁵
152 1442 387 1490 mutabat
411 1457 639 1502 versans,
669 1441 925 1489 Siculisne
950 1442 1201 1490 resideret
1226 1442 1379 1503 arvis,

152 1529 347 1577 oblitus
373 1529 617 1589 fatorum,
645 1528 878 1576 Italasne
903 1534 1194 1591 capesseret
1220 1545 1349 1576 oras.

153 1617 286 1664 Tum
312 1615 483 1664 senior
507 1616 724 1676 Nautes,
752 1632 911 1662 unum
943 1615 1181 1664 Tritonia
1204 1617 1380 1665 Pallas

152 1719 304 1766 quem
330 1702 505 1751 docuit
528 1702 799 1766 multaque
823 1702 1083 1765 insignem
1109 1703 1339 1751 reddidit
1365 1708 1490 1766 arte,

154 1791 302 1854 (haec
327 1805 574 1853 responsa
598 1789 770 1851 dabat,
795 1789 879 1837 vel
912 1806 1044 1852 quae
1069 1791 1399 1854 portenderet
1425 1791 1503 1839 ira

150 1894 338 1940 magna
363 1878 515 1925 deum
540 1877 624 1925 vel
650 1892 782 1940 quae
802 1878 1031 1925 fatorum
1056 1883 1290 1940 posceret
1315 1879 1479 1944 ordo),

151 1965 298 2027 isque
324 1965 406 2013 his
432 1965 648 2013 Aenean
674 1964 869 2012 solatus
893 1965 1106 2013 vocibus
1131 1965 1276 2013 infit:

153 2053 319 2100 ‘Nate
344 2052 454 2113 dea,
482 2068 584 2115 quo
608 2052 723 2100 fata
743 2051 962 2099 trahunt
985 2053 1360 2116 retrahuntque
1388 2069 1684 2116 sequamur3

151 2139 407 2202 quidquid
432 2139 544 2198 erit,
572 2139 864 2202 superanda
887 2139 1054 2188 omnis
1080 2140 1293 2188 fortuna
1316 2141 1531 2188 ferendo
1557 2145 1649 2189 est.

150 2228 248 2275 Est
272 2226 371 2275 tibi
394 2226 692 2274 Dardanius
718 2225 931 2274 divina-e
957 2227 1137 2290 stirpis
1164 2227 1410 2289 Acestes3

151 2314 290 2362 hunc
314 2330 437 2376 cape
464 2313 696 2362 consiliis
722 2313 920 2362 socium
945 2319 998 2362 et
1021 2315 1274 2376 coniunge
1299 2314 1573 2376 volentem,

151 2401 272 2448 huic
296 2401 456 2461 trade,
484 2399 690 2449 amissis
716 2405 964 2464 superant
989 2401 1080 2464 qui
1103 2402 1323 2449 navibus
1349 2407 1400 2449 et
1427 2417 1555 2464 quos

151 2493 443 2550 pertaesum
471 2487 644 2549 magni
670 2488 866 2551 incepti
890 2504 1163 2551 rerumque
1189 2494 1395 2536 tuarum
1421 2494 1526 2551 est3

151 2574 530 2637 longaevosque
557 2591 703 2623 senes
730 2591 788 2623 ac
813 2576 979 2624 fessas
1005 2591 1225 2638 aequore
1250 2580 1443 2624 matres

152 2665 204 2708 et
229 2661 486 2724 quidquid
510 2667 682 2710 tecum
707 2662 994 2710 invalidum
1023 2668 1361 2725 metuensque
1386 2663 1569 2726 pericli
1592 2668 1672 2713 est

153 2747 335 2809 delige,
362 2752 414 2796 et
438 2748 520 2796 his
546 2749 770 2797 habeant
794 2750 948 2798 terris
980 2749 1091 2798 sine
1116 2750 1320 2797 moenia
1343 2750 1499 2811 fessi,

152 2826 330 2881 urbem
354 2834 694 2898 appellabunt
717 2835 971 2899 permisso
995 2836 1204 2883 nomine
1227 2836 1511 2886 Acestam.'

1799 147 1897 200 141

1833 663 1900 698 695

1831 1276 1902 1315 700

1830 1713 1901 1752 705

1827 2148 1897 2187 710

1829 2587 1895 2624 715
