2148 3204
233 103 336 158 110
765 120 819 158 P.
865 121 1122 160 VERGILI
1162 121 1442 160 MAssoms

238 313 323 353 The
352 313 537 363 Trojfflzs
549 318 635 364 put
656 318 698 354 to
719 326 806 355 sea.

297 416 429 463 Tum
455 431 575 464 vero
603 416 805 465 Aeneas
832 417 1020 465 subitis
1045 418 1325 467 exterritus
1351 419 1547 468 umbris

229 501 446 565 corripit
471 518 498 551 e
523 519 701 551 somno
726 519 910 567 corpus
938 505 1206 567 sociosque
1231 506 1446 567 fatigat:

233 588 581 653 ‘Praecipites
608 590 837 651 vigilate,
864 591 979 652 viri,
1008 596 1058 639 et
1084 592 1339 640 considite
1364 593 1636 656 transtris;

230 676 415 724 solvite
440 677 557 725 vela
581 677 686 725 citi.
759 679 901 726 Deus
927 679 1137 727 aethere
1161 679 1354 728 missus
1380 681 1445 729 ab
1469 681 1577 728 alto

227 764 476 812 festinare
501 765 679 827 fugam
703 769 972 828 tortosque
998 766 1225 814 incidere
1250 768 1395 815 funis
1909 779 1979 818 575

227 867 342 899 ecce
368 851 554 899 iterum
582 852 890 901 instimulat.
951 854 1242 916 Sequimur
1267 860 1332 916 te,
1362 860 1537 903 sancte
1563 856 1790 919 deorum,

227 938 463 1001 quisquis
491 955 561 1000 es,
589 939 909 1003 imperioque
934 940 1124 989 iterum
1149 958 1388 1005 paremus
1415 948 1646 991 ovantes.

227 1026 384 1074 Adsis
413 1042 442 1074 o
466 1027 804 1089 placidusque
830 1028 975 1076 iuves
1002 1033 1055 1076 et
1076 1029 1246 1077 sidera
1267 1030 1412 1077 caelo

226 1113 410 1161 dextra
434 1114 605 1162 feras.⁷
676 1114 827 1162 Dixit
851 1116 1143 1178 vaginaque
1169 1117 1324 1179 eripit
1351 1133 1525 1165 ensem

225 1200 537 1248 fulmineum
564 1201 847 1264 strictoque
873 1203 999 1250 ferit
1023 1203 1313 1252 retinacula
1337 1205 1489 1252 ferro.
1519 1196 1521 1198 ’
1908 1217 1981 1253 580

225 1288 371 1334 Idem
399 1288 564 1336 omnis
591 1289 745 1337 simul
772 1290 922 1336 ardor
948 1289 1131 1351 habet3
1169 1290 1483 1353 rapiuntque
1509 1297 1800 1355 ruuntque;

223 1374 379 1423 litora
403 1375 700 1437 deseruere3
739 1375 870 1423 latet
895 1366 992 1424 sub
1016 1377 1268 1425 classibus
1289 1394 1477 1440 aequor
1496 1397 1508 1440 ;

224 1461 403 1510 adnixi
427 1468 672 1525 torquent
698 1479 908 1526 spumas
935 1469 987 1511 et
1012 1464 1218 1513 caerula
1240 1470 1470 1514 verrunt.

223 1641 384 1681 Dido's
413 1653 550 1682 curse.

190 1757 256 1767 Ἃ
289 1744 359 1791 Et
383 1743 488 1791 iam
514 1745 683 1806 prima
706 1761 840 1793 novo
867 1747 1142 1809 spargebat
1166 1747 1363 1796 lumine
1389 1753 1554 1797 terras

223 1830 438 1878 Tithoni
466 1847 697 1879 croceum
724 1832 968 1895 linquens
994 1835 1197 1882 Aurora
1220 1835 1402 1882 cubile.
1906 1847 1981 1884 585

223 1918 437 1978 Regina,
466 1934 492 1965 e
520 1919 742 1981 speculis
767 1924 828 1967 ut
853 1921 1077 1982 primuni
1105 1921 1361 1969 albescere
1388 1922 1554 1970 lucem

221 2004 358 2052 vidit
383 2010 434 2052 et
461 2006 696 2067 aequatis
723 2006 941 2054 classem
967 2009 1241 2070 procedere
1266 2009 1399 2057 velis

222 2090 479 2154 litoraque
507 2097 558 2140 et
585 2108 773 2141 vacuos
801 2094 966 2142 sensit
991 2094 1103 2143 sine
1129 2095 1320 2156 remige
1345 2101 1541 2159 portus,

221 2183 401 2241 terque
430 2185 712 2242 quaterque
741 2197 893 2228 manu
921 2186 1102 2244 pectus
1136 2198 1379 2245 percussa
1404 2185 1644 2232 decorum

222 2265 564 2328 flaventisque
593 2267 818 2315 abscissa
843 2283 1028 2328 comas,
1057 2270 1187 2316 ‘Pro
1212 2270 1475 2332 Iuppiter!
1549 2271 1657 2319 Ibit
1907 2273 1979 2311 590

221 2352 338 2413 hio‚'
366 2354 454 2414 ait,
482 2358 494 2382 ‘
514 2359 566 2401 et
591 2355 783 2403 nostris
811 2355 1053 2404 inluserit
1078 2357 1278 2404 advena
1303 2357 1473 2417 regnis
1496 2360 1521 2406 ⁸?

221 2441 343 2487 Non
368 2456 510 2488 arma
536 2443 815 2504 expedient
841 2448 1051 2505 totaque
1079 2459 1141 2490 ex
1167 2444 1292 2491 urbe
1319 2449 1601 2506 sequentur

223 2527 582 2590 deripientque
609 2534 745 2577 rates
773 2530 860 2576 alii
889 2530 1163 2577 navalibus
1183 2532 1206 2577 ἱ)
1279 2531 1376 2592 Ite,

224 2614 355 2661 ferte
383 2614 470 2662 citi
499 2615 748 2676 flammas,
776 2617 894 2663 date
921 2617 1039 2676 tela,
1069 2617 1323 2679 impellite
1350 2621 1543 2668 remos!

223 2701 356 2757 Quid
386 2701 566 2763 loquor
585 2704 609 2749 ἱ)
649 2703 755 2750 Aut
790 2704 878 2750 ubi
907 2706 1056 2750 sum?
1095 2705 1235 2760 Quae
1264 2710 1485 2752 mentem
1516 2707 1720 2755 insania
1742 2712 1912 2755 mutat
1933 2709 1958 2754 ἱ)

223 2787 422 2835 Infelix
450 2788 600 2850 Dido,
629 2804 762 2836 nunc
787 2794 840 2837 te
863 2790 1004 2837 facta
1029 2790 1192 2853 impia
1217 2796 1438 2852 tangunt
1460 2795 1484 2840 ?
1905 2806 1977 2842 596
