2148 3204
709 134 1016 174 AENEIDOS
1057 133 1176 170 LIB.
1218 131 1305 170 IV.

140 277 452 326 infabricata
475 276 630 338 fugae
651 274 836 323 studio.

140 364 418 426 Migrantis
444 379 620 411 cernas
646 367 857 424 totaque
883 376 947 408 ex
965 360 1090 409 urbe
1116 356 1331 418 ruentis,

141 468 198 500 ac
222 451 367 499 velut
390 451 653 512 ingentem
680 448 927 496 formicae
952 446 1108 495 farris
1135 460 1375 494 acervum

141 555 257 587 cum
281 538 534 602 populant
558 536 746 584 hiemis
773 551 1021 584 memores
1046 539 1285 595 tectoque
1312 534 1598 594 reponunt3

142 627 184 675 it
208 626 415 687 nigrum
441 624 636 687 campis
662 639 859 685 agmen,
886 622 1234 686 praedamque
1261 635 1352 682 per
1387 619 1573 666 herbas

143 717 448 762 convectant
474 711 603 760 calle
630 715 874 772 angusto3
912 725 1032 772 pars
1060 707 1276 769 grandia
1309 706 1528 754 trudunt

143 800 362 850 obnixae
386 800 652 847 frumenta
674 797 882 856 umeris,
909 812 1029 859 pars
1056 794 1263 856 agmina
1288 797 1478 854 cogunt

144 888 502 949 castigantque
531 901 724 945 moras3
763 900 915 946 opere
941 883 1107 931 omnis
1137 881 1322 928 semita
1347 880 1534 928 fervet.

145 975 270 1031 Quis
297 974 394 1022 tibi
412 979 538 1033 tum,
567 972 718 1031 Dido,
747 970 980 1018 cernenti
1005 969 1134 1016 talia
1165 984 1360 1026 sensus,

146 1077 339 1125 quosve
364 1061 522 1108 dabas
549 1058 785 1120 gemitus,
808 1073 925 1105 cum
950 1056 1106 1103 litora
1131 1055 1332 1101 fervere
1349 1053 1366 1080 ¹
1391 1053 1496 1101 late

146 1148 466 1211 prospiceres
492 1161 604 1194 arce
631 1161 694 1192 ex
721 1160 922 1192 summa
945 1148 1215 1205 totumque
1243 1141 1448 1188 videres

146 1234 353 1283 misceri
378 1238 495 1282 ante
517 1232 689 1280 oculos
715 1231 878 1279 tantis
907 1229 1217 1278 clamoribus
1246 1229 1464 1290 aequor!

149 1322 389 1385 Improbe
415 1321 591 1381 Amor,
619 1319 746 1382 quid
765 1335 869 1365 non
895 1317 1134 1365 mortalia
1158 1320 1368 1379 pectora
1394 1314 1563 1376 cogis!

150 1411 233 1457 Ire
259 1409 447 1456 iterum
472 1407 528 1454 in
552 1407 808 1466 lacrimas,
834 1405 1023 1453 iterum
1047 1408 1302 1466 temptare
1328 1401 1586 1465 precando

151 1497 352 1558 cogitur
377 1500 429 1543 et
455 1494 676 1557 supplex
701 1493 901 1541 animos
928 1491 1249 1540 summittere
1277 1488 1454 1550 amori,

150 1600 216 1631 ne
240 1583 369 1646 quid
392 1582 720 1645 inexpertum
747 1580 945 1628 frustra
969 1578 1220 1626 moritura
1245 1576 1521 1648 relinquat.

153 1754 314 1794 Dido's
335 1755 422 1794 last
441 1753 610 1803 appeal.

222 1849 417 1910 ‘Anna,
444 1848 590 1896 vides
616 1851 727 1895 toto
751 1843 1017 1909 properari
1038 1843 1191 1891 litore
1216 1842 1408 1890 circum
1425 1859 1457 1903 31

154 1936 383 1999 undique
410 1949 721 2000 convenere,
762 1937 912 1980 vocat
938 1931 1043 1979 iam
1069 1931 1310 1978 carbasus
1339 1944 1504 1989 auras,

155 2022 416 2087 puppibus
443 2028 494 2070 et
519 2021 644 2069 laeti
669 2025 856 2068 nautae
887 2018 1177 2081 imposuere
1214 2032 1437 2064 coronas.

157 2111 314 2158 Hunc
339 2125 432 2171 ego
458 2107 503 2157 si
526 2108 674 2172 potui
697 2112 902 2155 tantum
921 2121 1126 2169 sperare
1158 2104 1399 2163 dolorem,

158 2202 210 2246 et
234 2197 479 2260 perferre,
506 2212 660 2256 soror,
687 2200 879 2258 potero.
952 2194 1175 2241 Miserae
1214 2191 1310 2238 hoc
1338 2189 1692 2244 tamenunum

158 2300 452 2346 exsequere,
474 2284 642 2344 Anna,
668 2282 848 2331 mihi2:
896 2282 1058 2332 solam
1084 2297 1204 2329 nam
1231 2276 1458 2341 perfidus
1480 2276 1570 2323 ille

158 2376 211 2419 te
235 2371 414 2432 colere,
442 2387 653 2419 arcanos
679 2372 837 2419 etiam
861 2369 960 2418 tibi
990 2369 1196 2417 credere
1228 2380 1408 2414 sensus
1430 2383 1441 2426 3

161 2458 272 2507 sola
296 2458 396 2506 viri
420 2459 592 2508 mollis
614 2459 786 2507 aditus
813 2463 865 2506 et
891 2463 1125 2521 tempora
1151 2472 1318 2503 noras.

98 2578 110 2591 .
160 2547 204 2606 1,
233 2562 388 2607 soror,
416 2552 570 2609 atque
594 2547 799 2594 hostem
826 2544 1047 2608 supplex
1072 2544 1250 2592 adfare
1280 2541 1572 2604 superbum.

160 2634 283 2681 Non
307 2650 399 2695 ego
419 2650 536 2682 cum
560 2633 757 2681 Danais
783 2632 1059 2680 Troianam
1086 2629 1385 2678 exscindere
1409 2632 1609 2689 gentem

166 2721 353 2769 Aulide
378 2720 848 2769 iuravi-classemve
874 2719 940 2766 ad
962 2718 1217 2778 Pergama
1248 2714 1380 2775 misi,

593 2827 631 2866 1.
655 2827 838 2875 fervere.
1237 2823 1275 2859 2.
1311 2821 1431 2859 mihi.

1779 117 1882 169 103

1829 1145 1902 1183 410

1834 1583 1906 1621 415

1840 2197 1908 2233 420

1841 2633 1908 2667 4‘25
