2148 3204
725 134 1032 172 AENEIDOS
1074 136 1193 172 LIB.
1239 136 1300 173 V.

143 273 250 323 Olli
275 272 563 322 discurrere
587 289 736 336 pares
763 279 918 336 atque
945 273 1154 336 agmina
1177 273 1313 321 terni

142 361 369 409 diductis
395 361 594 410 solvere
620 361 792 409 choris
818 378 1100 425 rursusque
1126 360 1297 410 vocati

140 453 439 497 convertere
461 448 574 496 vias
599 448 893 512 infestaque
918 449 1025 497 tela
1048 449 1226 497 tulere.

141 536 273 584 Inde
298 535 429 584 alios
454 535 638 584 ineunt
664 551 845 584 cursus
871 536 1103 598 aliosque
1129 552 1364 585 recursus

141 623 347 672 adversi
372 623 574 686 spatiis,
602 623 936 686 alternosque
961 624 1172 672 orbibus
1199 624 1336 672 orbis

81 732 86 738 ·
141 710 446 774 impediunt,
473 726 779 773 pugnaeque
805 711 944 758 cient
969 711 1245 759 simulacra
1269 712 1364 759 sub
1389 710 1575 773 armis3

141 803 192 845 et
218 813 354 846 nunc
378 802 524 858 terga
548 798 677 858 fuga
700 798 916 858 nudant,
942 814 1080 845 nunc
1107 798 1309 861 spicula
1334 802 1545 846 vertunt

140 885 350 946 infensi,
377 886 518 933 facta
542 885 739 948 pariter
763 901 900 932 nunc
923 901 1049 949 pace
1075 886 1332 934 feruntur.

142 974 220 1022 Ut
244 973 502 1035 quondam
529 973 683 1021 Creta
706 973 875 1020 fertur
900 973 1257 1037 Labyrinthus
1284 973 1340 1020 in
1364 973 1473 1021 alta

140 1060 428 1123 parietibus
448 1058 462 1085 ¹
487 1064 689 1107 textum
715 1060 878 1108 caecis
905 1060 1004 1108 iter
1029 1059 1413 1124 ancipitemque

141 1146 285 1194 mille
310 1147 411 1195 viis
436 1146 679 1196 habuisse
705 1147 896 1208 dolum,
924 1164 1026 1210 qua
1045 1148 1196 1208 signa
1221 1147 1472 1211 sequendi

140 1234 348 1282 falleret
372 1234 713 1297 indeprensus
739 1239 791 1282 et
815 1234 1166 1283 inremeabilis
1193 1251 1358 1283 error:

140 1321 280 1369 haud
305 1321 408 1369 alio
433 1323 687 1369 Teucrum
711 1322 824 1369 nati
848 1322 1070 1384 vestigia
1095 1338 1248 1371 cursu

140 1409 434 1472 impediunt
458 1413 745 1471 texuntque
770 1409 923 1470 fugas
950 1414 1001 1457 et
1026 1410 1224 1472 proelia
1247 1410 1385 1471 ludo,

140 1496 449 1560 delphinum
476 1496 685 1557 similes,
713 1496 804 1559 qui
828 1512 919 1559 per
939 1497 1103 1545 maria
1126 1497 1305 1546 umida
1328 1499 1500 1547 nando

142 1583 480 1646 Carpathium
507 1583 864 1647 Libycumque
891 1590 1068 1632 secant
1092 1584 1385 1647 luduntque
1410 1602 1500 1649 per
1527 1586 1706 1634 undas.

142 1671 299 1718 Hunc
323 1686 517 1718 morem
543 1686 722 1719 cursus
747 1676 903 1734 atque
930 1671 1056 1720 haec
1081 1671 1364 1720 certamina
1387 1674 1588 1735 primus

140 1757 413 1818 Ascanius,
440 1758 675 1820 Longam
698 1759 859 1807 muris
886 1774 1002 1806 cum
1027 1759 1256 1820 cingeret
1280 1760 1485 1821 Albam,

141 1846 348 1893 rettulit
373 1850 425 1893 et
448 1845 654 1893 Priscos
680 1846 856 1893 docuit
882 1846 1140 1894 celebrare
1165 1847 1397 1908 Latinos,

142 1948 243 1995 quo
268 1948 394 1995 puer
419 1932 531 1995 ipse
556 1933 722 1993 modo,
751 1949 925 1981 secum
951 1949 1052 1996 quo
1079 1935 1232 1982 Tro'i'a
1255 1935 1449 1997 pubes;

141 2019 336 2067 Albani
361 2020 577 2068 docuere
603 2035 750 2080 suos;
789 2020 911 2068 hinc
936 2021 1164 2069 maxima
1186 2037 1338 2084 porro

142 2106 342 2169 accepit
366 2108 533 2155 Roma
557 2112 609 2155 et
633 2107 861 2169 patrium
889 2108 1117 2156 servavit
1141 2109 1403 2169 honorem,

141 2193 399 2256 Troiaque
423 2210 560 2242 nunc
583 2194 745 2257 pueri,
772 2179 1054 2242 Troianum
1080 2194 1272 2243 dicitur
1297 2211 1495 2256 agmen.

142 2282 260 2329 Hac
283 2279 541 2329 celebrata
564 2286 716 2330 tenus
743 2287 920 2330 sancto
945 2282 1228 2330 certamina
1252 2282 1405 2345 patri.

142 2445 232 2484 Iris
253 2456 383 2501 urges
405 2445 475 2485 the
503 2445 667 2495 Trojan
688 2457 854 2486 women
875 2451 917 2486 to
940 2446 1113 2496 destroy
1132 2447 1199 2486 the
1221 2446 1353 2496 ships.

209 2538 315 2586 Hic
339 2539 563 2602 primum
588 2541 822 2588 Fortuna
845 2540 1003 2588 fidem
1030 2545 1230 2588 mutata
1253 2539 1482 2588 novavit.

143 2626 283 2673 Dum
310 2626 467 2674 variis
494 2627 694 2674 tumulo
717 2628 954 2675 referunt
980 2626 1254 2675 sollemnia
1276 2627 1430 2689 ludis,

144 2712 275 2760 Irim
299 2713 362 2761 de
387 2712 529 2761 caelo
553 2713 698 2761 misit
724 2713 970 2761 Saturnia
994 2715 1128 2761 Iuno

396 2821 430 2857 1.
456 2798 697 2868 parietibus
711 2832 724 2858 .·
752 2822 857 2858 with
874 2821 1156 2858 consonantal
1174 2821 1188 2857 z·
1208 2821 1251 2857 in
1270 2822 1424 2859 second
1443 2822 1635 2870 syllable.

1792 122 1888 174 137

1826 285 1896 321 580

1829 721 1899 757 585

1829 1159 1900 1195 590

1830 1596 1899 1632 595

1820 2639 1890 2675 605
