2148 3204
673 66 982 112 AENEIDOS
1020 72 1142 109 LIB.
1176 72 1261 109 VI.

95 216 384 277 constituit,
410 214 677 277 frontique
702 211 928 274 invergit
951 211 1076 259 vina
1103 208 1354 268 sacerdos,

97 311 150 354 et
175 320 402 354 summas
428 318 643 365 carpens
670 301 840 347 media
866 298 1001 345 inter
1027 312 1218 345 cornua
1244 300 1412 344 saetas

98 392 305 454 ignibus
331 389 554 452 imponit
581 387 755 448 sacris,
783 386 1032 433 libamina
1057 383 1240 446 prima,

99 495 222 529 voce
250 493 437 525 vocans
464 477 699 523 Hecaten
726 473 967 534 caeloque
994 471 1263 532 Ereboque
1289 473 1571 532 potentem.

73 571 79 575 ’
103 568 412 630 Supponunt
437 563 526 611 alii
553 563 745 610 cultros
771 560 1109 624 tepidumque
1136 573 1368 606 cruorem

80 637 396 716 *succipiunt
422 650 630 714 pateris.
705 650 827 711 Ipse
855 647 954 695 atri
981 646 1190 694 velleris
1216 660 1403 705 agnam

105 742 307 788 Aeneas
334 738 488 786 matri
513 735 860 785 Eumenidum
890 748 1203 795 magnaeque
1230 730 1392 780 sorori

106 845 226 877 ense
251 827 377 875 ferit
403 826 736 887 sterilemque
765 823 878 884 tibi⁷
906 822 1232 884 Proserpina,
1258 834 1482 867 vaccam.

108 918 239 963 Tum
268 915 450 978 Stygio
476 914 585 974 regi
609 918 888 959 nocturnas
911 909 1120 957 incohat
1147 923 1262 955 aras

108 1008 161 1050 et
187 1002 352 1051 solida
376 1001 596 1064 imponit
621 1005 887 1047 taurorum
915 997 1115 1045 viscera
1139 994 1376 1054 fiammis,

110 1090 300 1153 pingue
328 1105 481 1151 super
501 1087 517 1114 ¹
541 1088 710 1135 oleum
736 1085 962 1133 fundens
990 1082 1292 1132 ardentibus
1318 1080 1469 1129 extis.

111 1176 242 1225 Ecce
269 1181 441 1225 autem
466 1175 621 1239 primi
650 1175 744 1223 sub
770 1172 970 1221 lumina
997 1171 1122 1219 solis
1147 1176 1199 1217 et
1224 1174 1366 1216 ortus

114 1266 208 1313 sub
235 1264 454 1327 pedibus
480 1262 679 1323 mugire
706 1260 874 1309 solum
900 1265 950 1307 et
976 1259 1097 1319 iuga
1123 1262 1303 1319 coepta
1330 1252 1523 1302 moveri

116 1352 381 1412 silvarum,
406 1350 652 1412 visaeque
678 1364 828 1396 canes
855 1347 1055 1394 ululare
1082 1361 1172 1407 per
1197 1343 1448 1401 umbram,

85 1444 89 1447 ’
116 1441 430 1488 adventante
457 1439 565 1485 dea.
600 1429 621 1518 f
640 1435 855 1483 ‘Procul
883 1451 925 1494 o,
954 1432 1131 1496 procul
1159 1436 1280 1490 este,
1310 1427 1550 1492 profani?

118 1526 404 1574 conclamat
430 1530 590 1585 Vates,
619 1528 857 1584 ‘totoque
884 1520 1121 1569 absistite
1148 1518 1292 1578 luco3

118 1619 278 1676 tuque
303 1613 490 1660 invade
516 1611 656 1659 viam
681 1609 972 1671 vaginaque
997 1607 1137 1679 eripe
1161 1606 1386 1652 ferrum:

119 1716 256 1748 nunc
281 1699 468 1747 animis
495 1714 638 1761 opus,
666 1698 858 1757 Aenea,
884 1710 1020 1742 nunc
1046 1697 1252 1756 pectore
1277 1690 1458 1738 firmo?

122 1789 348 1835 Tantum
373 1786 530 1833 effata
554 1785 733 1832 furens
760 1788 909 1831 antro
936 1798 988 1829 se
1014 1780 1236 1827 immisit
1263 1783 1472 1840 apert03
1530 1811 1533 1812 ν

122 1874 213 1922 ille
238 1874 416 1922 ducem
445 1873 587 1920 haud
611 1871 812 1919 timidis
840 1870 1114 1917 vadentem
1140 1866 1377 1930 passibus
1404 1868 1609 1927 aequat.

125 2012 385 2052 Invocatz‘on
411 2011 463 2062 of
477 2011 547 2051 the
569 2010 721 2050 nether
732 2020 919 2059 powers.

1783 302 1855 338 245

1792 737 1862 773 250

1799 1175 1870 1211 255

1807 1611 1879 1647 260

194 2097 277 2157 Di,
306 2097 493 2159 quibus
518 2094 794 2158 imperium
818 2098 898 2141 est
923 2092 1228 2154 animarum,
1255 2088 1571 2148 umbraeque
1599 2084 1810 2134 silentes

936 2151 1142 2170 f

129 2189 180 2232 et
206 2183 373 2233 Chaos
399 2189 450 2231 et
475 2182 820 2243 Phlegethon,
847 2180 959 2227 loca
983 2184 1132 2226 nocte
1157 2175 1384 2225 tacentia
1408 2174 1530 2234 late,

131 2271 201 2319 sit
225 2270 356 2318 mihi
381 2271 463 2318 fas
490 2269 669 2317 audita
691 2267 865 2330 loqui3
906 2267 975 2314 sit
1001 2265 1210 2312 numine
1236 2267 1410 2310 vestro

131 2358 357 2422 pandere
382 2373 465 2406 res
491 2357 606 2428 alt-a
623 2361 761 2404 terra
787 2359 838 2402 et
858 2353 1082 2416 caligine
1107 2365 1317 2399 mersas.
1402 2344 1468 2401 234

142 2492 228 2532 The
240 2492 417 2543 fearful
427 2492 576 2542 forms
597 2495 644 2531 at
665 2490 734 2530 the
756 2494 962 2528 entrance
985 2492 1027 2527 to
1051 2486 1149 2526 hell.

203 2577 359 2624 Ibant
384 2575 586 2623 obscuri
614 2575 724 2623 sola
748 2574 842 2621 sub
867 2579 1016 2619 nocte
1043 2587 1134 2633 per
1161 2570 1396 2617 umbram
1444 2530 1536 2566 s

137 2678 330 2728 perque
355 2662 533 2710 domos
558 2661 700 2709 Ditis
726 2676 915 2707 vacuas
943 2665 992 2706 et
1019 2656 1196 2704 inania
1219 2671 1392 2716 regna,

912 2761 947 2796 1.
984 2759 1121 2805 ειιρέν.

1816 2181 1886 2216 265
