2148 3204
718 169 843 208 AEN
851 167 1027 205 EIDOS
1065 165 1184 202 LIB.
1219 163 1302 199 VI.

140 315 277 374 Quid
300 328 573 362 memorem
602 307 872 372 Lapithas,
900 305 1086 353 Ixiona
1109 301 1523 361 Pirithoumque,

143 418 270 466 quos
297 416 448 463 super
474 405 587 447 atra
611 397 743 445 silex
767 395 872 442 iam
896 392 998 440 iam
1024 388 1233 454 lapsura
1252 386 1559 447 cadentique
1575 381 1592 410 ¹

144 489 382 537 imminet
407 484 664 535 adsimilis
682 485 706 531 ?
737 483 966 529 ‘'Lucent
993 471 1281 540 genialibus
1308 473 1429 522 altis

146 591 301 625 aurea
322 574 493 622 'fulcra
516 571 660 631 toris,
688 569 971 632 epulaeque
1000 570 1120 614 ante
1148 579 1236 612 ora
1261 565 1471 625 paratae

146 662 354 725 regifico
376 660 510 708 luxu
527 657 850 721 (Furiarum
877 653 1104 702 maxima
1126 652 1274 699 iuxta

149 744 438 800 accubat'2et
463 745 701 794 manibus
728 742 966 814 prohibet
992 739 1287 800 contingere
1312 750 1532 796 mensas,

151 820 678 899 exsurgitqiie¹face1n
708 831 954 880 attollens
982 834 1137 890 atque
1163 827 1366 874 intonat
1391 839 1490 871 ore.

153 928 258 975 Hic
284 925 470 988 quibus
495 921 655 970 invisi
680 921 887 978 fratres,
916 917 1038 964 dum
1064 915 1176 976 vita
1199 912 1456 972 manebat,

154 1014 456 1079 pulsatusve
482 1025 683 1075 parens,
714 1012 766 1055 et
791 1007 936 1054 fraus
964 1001 1156 1065 inpexa
1179 999 1374 1060 clienti,

157 1107 246 1151 aut
272 1099 362 1163 qui
386 1097 586 1146 divitiis
615 1095 712 1144 soli
738 1093 1015 1157 incubuere
1042 1088 1263 1153 repertis

156 1205 250 1237 nec
276 1192 473 1251 partem
498 1198 715 1248 posuere
743 1181 849 1229 suis
877 1179 1030 1244 (quae
1056 1176 1285 1224 maxima
1307 1173 1462 1222 turba
1485 1171 1605 1236 est),

160 1276 351 1340 quique
377 1274 440 1321 ob
466 1269 781 1320 adulterium
808 1266 957 1326 caesi,
986 1265 1178 1328 quique
1205 1278 1347 1311 arma
1368 1258 1533 1310 secuti

162 1345 441 1426 impialnec
465 1357 621 1407 veriti
647 1355 971 1404 dominorum
998 1352 1180 1400 fallere
1207 1350 1430 1408 dextras,

162 1449 351 1499 inclusi
378 1462 598 1512 poenam
624 1447 940 1506 exspectant.
1012 1440 1095 1487 Ne
1122 1453 1309 1502 quaere
1334 1431 1521 1495 doceri,

165 1553 318 1601 quam
343 1550 576 1600 poenam,
603 1536 691 1581 aut
717 1545 849 1594 quae
874 1529 1044 1576 forma
1067 1526 1206 1573 viros
1232 1525 1507 1572 fortunave
1532 1518 1734 1572 mersit,

168 1627 360 1674 Saxum
385 1623 568 1683 ingens
593 1619 812 1668 volvunt
837 1615 943 1676 alii,
970 1613 1233 1675 radiisque
1259 1616 1488 1659 rotarum

166 1711 395 1761 districti
419 1709 679 1773 pendent3
717 1706 862 1754 sedet
888 1707 1257 1763 aeternumque
1283 1696 1483 1747 sedebit

168 1797 359 1847 infelix
384 1797 645 1856 Theseus3
682 1792 1050 1853 Phlegyasque
1075 1786 1395 1835 miserrimus
1421 1780 1590 1830 omnis

170 1887 413 1935 admonet
437 1888 489 1931 et
514 1897 702 1943 magna
723 1882 949 1928 testatur
974 1891 1096 1923 voce
1122 1890 1213 1938 per
1240 1872 1482 1920 umbras.

171 1969 415 2032 “Discite
441 1965 698 2014 iustitiam
723 1962 909 2010 moniti
933 1965 986 2008 et
1011 1975 1115 2006 non
1138 1964 1367 2006 temnere
1393 1952 1588 2002 divos.⁷'

171 2054 425 2105 Vendidit
448 2052 534 2100 hic
559 2068 682 2100 auro
708 2049 931 2114 patriam
958 2047 1327 2107 dominumque
1354 2047 1620 2107 potentem

173 2141 438 2205 imposuit,
465 2139 582 2187 fixit
606 2138 748 2200 leges
772 2135 940 2200 pretio
965 2140 1121 2197 atque
1147 2131 1351 2193 refixit3

170 2228 260 2278 hic
284 2228 572 2276 thalamum
597 2225 792 2273 invasit
816 2228 969 2271 natae
994 2222 1289 2283 vetitosque
1315 2219 1666 2282 hymenaeos·
1653 2253 1669 2280 ,

176 2316 290 2365 ausi
315 2313 528 2363 omnes
516 2328 739 2360 immane
763 2311 913 2359 nefas
939 2324 1166 2371 ausoque
1192 2305 1365 2370 potiti.

176 2404 312 2462 Non,
339 2400 470 2449 mihi
495 2400 540 2449 si
563 2400 771 2461 linguae
797 2402 1003 2446 centum
1032 2395 1140 2444 sint
1165 2408 1353 2456 oraque
1380 2397 1604 2453 centum,

179 2490 348 2537 ferrea
370 2504 486 2549 vox,
513 2487 680 2535 omnis
707 2485 955 2534 scelerum
984 2481 1350 2545 comprendere
1373 2479 1587 2540 formas³

181 2575 355 2626 omnia
377 2589 657 2640 poenarum
682 2586 978 2636 percurrere
1003 2569 1215 2618 nomina
1237 2565 1464 2630 possim!

600 2681 637 2720 1.
672 2679 925 2729 cadentique
940 2689 954 2716 .·
980 2677 1087 2715 with
1103 2687 1201 2725 -que
1219 2664 1545 2723 hypermetriff

1782 142 1886 194 175

1825 649 1897 688 605

1834 1088 1906 1126 610

1841 1525 1914 1563 615

1850 1950 1923 1999 620

1856 2397 1926 2434 625
