2148 3204
699 103 1009 143 AENEIDos
1048 102 1169 139 LIB.
1215 100 1308 137 ΠΙ.
1806 83 1875 135 85

119 249 306 299 Omnia
331 245 656 296 conlustrans
682 243 815 290 hanc
841 241 1078 304 primum>
1101 239 1167 287 ad
1191 237 1348 285 litora
1371 236 1592 284 classem

117 334 361 399 prospexi
385 332 693 380 venientem.
768 329 907 375 Huic
932 343 1028 387 me,
1056 318 1410 388 quaecumque
1435 322 1642 382 fuisset,

119 422 322 482 addixi3
362 420 487 468 satis
514 423 592 465 est
618 421 823 478 gentem
850 414 1095 475 effugisse
1121 412 1415 459 nefandam.

119 511 225 559 Vos
251 508 477 556 animam
502 506 636 553 hanc
660 503 835 567 potius
862 515 1186 565 quocumque
1212 497 1469 547 absumite
1494 496 1633 545 leto!

130 695 218 735 The
247 695 436 744 Trojans
466 705 534 733 see
566 691 861 740 Polyphemus
883 689 973 729 ancl
1004 689 1072 727 the
1102 692 1192 727 rest
1222 686 1275 736 os
1298 686 1366 725 the
1396 683 1615 733 Cyclopes.
1676 681 1718 721 A
1749 682 1878 722 north

439 768 558 807 wind
577 778 701 806 saves
723 766 838 805 them
851 765 975 815 from
1001 762 1150 812 Scylla
1174 762 1264 802 and
1291 759 1554 809 Charybdis.

189 868 294 917 Vix
318 883 378 915 ea
405 867 548 913 fatus
574 869 698 924 erat,
728 878 929 911 summo
954 877 1071 909 cum
1098 864 1272 907 monte
1302 859 1540 905 videmus
1808 864 1880 900 655

123 955 295 1019 ipsum
321 954 457 1000 inter
482 952 704 1015 pecudes
732 955 880 997 vasta
907 964 959 997 se
986 947 1120 994 mole
1143 952 1439 994 moventem

126 1047 385 1106 pastorem
411 1038 792 1101 Polyphemum
819 1041 870 1083 et
895 1035 1050 1082 litora
1073 1039 1197 1081 nota
1221 1037 1500 1096 petentem,

125 1133 412 1176 monstrum
437 1125 771 1183 horrendum,
788 1123 1026 1182 informe,
1049 1121 1248 1182 ingens,
1268 1120 1351 1168 cui
1366 1119 1541 1166 lumen
1558 1117 1872 1179 ademptum.

126 1217 332 1263 Trunca
356 1230 513 1261 manu
537 1212 691 1275 pinus
718 1210 851 1271 regit
877 1215 928 1257 et
953 1208 1176 1269 vestigia
1201 1207 1375 1254 firmat
1393 1225 1407 1267 3

126 1303 386 1363 lanigerae
412 1300 724 1348 comitantur
744 1313 892 1358 oves3
932 1312 990 1344 ea
1016 1295 1125 1344 sola
1151 1294 1395 1357 voluptas
1810 1299 1882 1336 660

129 1390 460 1450 solamenque
487 1385 629 1434 mali.

127 1469 412 1538 Postquam
438 1475 570 1523 altos
596 1468 774 1535 tetigit
799 1472 986 1520 fluctus
1014 1476 1065 1519 et
1090 1471 1156 1518 ad
1180 1485 1405 1532 aequora
1435 1468 1594 1529 venit,

129 1563 342 1611 luminis
363 1561 541 1610 effossi
566 1560 782 1608 fluidum
808 1559 939 1607 lavit
964 1559 1084 1606 inde
1105 1573 1358 1617 cruorem,

130 1651 371 1699 dentibus
397 1649 701 1696 infrendens
728 1647 940 1709 gemitu,
968 1645 1303 1707 graditurque
1329 1659 1420 1706 per
1447 1657 1637 1705 aequor

130 1738 234 1786 iam
258 1737 502 1796 medium,
528 1736 748 1783 necdum
773 1734 959 1782 fluctus
983 1733 1149 1781 latera
1174 1732 1335 1779 ardua
1358 1730 1532 1777 tinxit.
1812 1735 1883 1771 665

130 1815 447 1888 ΝΟΞῬΙῸΟΠΙ
472 1823 593 1870 inde
618 1823 798 1883 fugam
823 1820 1018 1884 trepidi
1044 1820 1282 1878 celerare,
1311 1822 1517 1880 recepto

133 1912 367 1976 supplice
393 1911 465 1960 sic
492 1910 690 1971 merito,
718 1909 968 1971 tacitique
993 1907 1220 1955 incidere
1249 1907 1457 1966 funem3

131 1999 388 2048 verrimus
407 2004 459 2046 et
479 1997 628 2061 proni
654 1997 973 2045 certantibus
1000 2009 1224 2057 aequora
1248 1991 1418 2042 remis.

137 2087 313 2135 Sensit
338 2091 389 2134 et
413 2086 476 2134 ad
504 2084 731 2134 sonitum
749 2084 891 2132 vocis
917 2082 1141 2143 vestigia
1165 2080 1333 2128 torsit.

134 2175 327 2223 Verum
354 2173 442 2222 ubi
467 2172 613 2221 nulla
638 2173 790 2220 datur
815 2172 999 2220 dextra
1023 2169 1263 2218 affectare
1288 2171 1520 2231 potestas
1812 2179 1884 2216 670

135 2278 228 2310 nec
254 2262 390 2325 potis
417 2261 592 2309 Ionios
617 2260 806 2308 fluctus
832 2273 1051 2321 aequare
1078 2255 1355 2319 sequendo,

136 2349 412 2397 clamorem
431 2348 740 2396 immensum
759 2347 915 2407 tollit,
943 2361 1044 2408 quo
1068 2348 1259 2408 pontus
1280 2347 1332 2390 et
1356 2358 1533 2391 omnes

139 2441 490 2484 contremuere
514 2436 681 2483 undae
701 2434 1012 2497 penitusque
1039 2430 1286 2480 exterrita
1309 2429 1466 2477 tellus

135 2522 626 2584 *Italiaeaeourvisque
651 2521 912 2582 immugiit
937 2520 1110 2567 Aetna
1134 2517 1384 2566 cavernis.

139 2611 214 2657 At
239 2626 400 2671 genus
427 2625 453 2657 e
475 2609 622 2662 silvis
649 2608 932 2672 Cyclopum
959 2611 1010 2654 et
1036 2605 1295 2653 montibus
1322 2603 1444 2651 altis
1813 2613 1884 2651 675

142 2697 367 2744 excitum
392 2696 497 2750 ruit
522 2697 588 2744 ad
612 2700 793 2758 portus
814 2700 866 2742 et
888 2694 1043 2741 litora
1068 2692 1343 2754 complent.

143 2783 411 2832 Cernimus
437 2782 692 2848 adstantis
719 2780 1033 2845 nequiquam
1066 2779 1261 2826 lumine
1286 2783 1435 2825 torvo
