2148 3204
250 106 321 161 90
785 116 840 161 Ρ.
887 120 1146 160 VERGILI
1184 120 1467 163 MARONIS

250 256 491 319 coniugio
515 255 640 307 tali!
710 258 966 326 Teucrum
992 260 1363 310 comitantibus
1389 260 1564 324 armis,

252 345 450 392 Punica
476 360 528 393 se
554 345 764 408 quantis
791 346 997 394 attollet
1025 347 1189 408 gloria
1211 349 1398 398 iebus!

251 432 329 478 Tu
357 431 507 479 modo
532 448 684 495 posce
710 433 833 481 deos
860 433 1063 482 veniam
1092 435 1354 498 saciisque
1381 435 1549 486 litatis

251 517 719 589 indulgeghospitio
743 536 1027 583 causasque
1041 520 1536 594 {innectejin‘orandL

251 605 374 652 dum
399 605 584 670 pelago
610 607 844 655 desaevit
870 608 1035 657 hiems
1063 613 1115 657 et
1141 592 1366 671 aquosus
1393 609 1568 672 Oiion,

249 698 626 757 quassataeque
650 699 803 757 rates,
823 685 1001 781 Q
980 712 1083 744 non
1066 697 1380 779 tractabile
1408 697 1651 747 caelum!

248 862 368 903 Dido
390 865 587 904 consults
608 864 677 905 the
701 877 865 907 omens,
924 867 1023 907 Her
1033 868 1221 917 passion
1243 880 1397 919 yrows.

314 958 415 1007 His
443 959 594 1008 dictis
621 959 889 1010 incensum
915 962 1141 1010 animum
1170 963 1515 1012 inflammavit
1540 979 1712 1012 amore

247 1061 494 1109 spemque
521 1048 667 1095 dedit
693 1049 879 1096 dubiae
906 1050 1068 1098 menti
1095 1050 1354 1113 solvitque
1383 1052 1648 1113 pudorem.

246 1133 511 1196 Principio
538 1135 752 1183 delubra
776 1136 972 1185 adeunt
997 1153 1278 1200 pacemque
1304 1154 1395 1200 per
1420 1154 1535 1206 aras

247 1221 558 1283 exquirunt3
583 1228 816 1271 'mactant
841 1223 1004 1273 lectas
1032 1225 1095 1273 de
1120 1241 1259 1273 more
1287 1225 1518 1274 bidentis

245 1307 493 1368 legiferae
522 1309 696 1357 Cereri
723 1311 1033 1374 Phoeboque
1058 1312 1301 1375 patrique
1328 1315 1515 1376 Lyaeo,

244 1394 435 1443 Iunoni
461 1401 581 1444 ante
609 1396 792 1459 omnis,
821 1399 904 1446 cui
932 1399 1105 1447 vincla
1129 1398 1323 1461 iugalia
1347 1416 1528 1461 curae3

244 1481 360 1545 ipsa
381 1487 565 1532 tenens
591 1484 776 1533 dextra
800 1491 1033 1548 pateram
1058 1487 1410 1549 pulcherrima
1432 1487 1572 1535 Dido

243 1571 511 1619 candentis
538 1587 721 1620 vaccae
748 1573 919 1622 media
942 1573 1080 1621 inter
1105 1590 1295 1622 cornua
1319 1574 1499 1624 fundit

243 1656 332 1704 aist
358 1648 476 1706 ante
502 1674 592 1707 ora
615 1659 767 1707 deum
794 1660 1004 1723 pinguis
1032 1662 1289 1724 spatiatur
1315 1663 1379 1710 ad
1406 1678 1520 1711 aras

242 1743 601 1808 instamatque
628 1747 763 1795 diem
791 1748 940 1796 donis
966 1749 1326 1812 pecudumque
1352 1750 1567 1799 ieclusis

243 1832 567 1893 pectoiibus1
591 1833 798 1883 inhians
826 1835 1081 1898 spilantia
1106 1836 1330 1884 consulit
1355 1842 1488 1885 exta.

243 1919 364 1966 Heu
390 1925 565 1968 vatum
595 1920 804 1983 ignaiae
831 1925 1064 1972 mentes!
1136 1924 1272 1981 Quid
1298 1930 1418 1972 vota
1443 1924 1721 1986 fulentem,

242 2006 367 2068 quid
393 2007 608 2056 delubia
632 2008 858 2058 iuvant?
929 2010 1461 2081 Ε311χ13491113ῄ111111111ει
1485 2012 1744 2061 medullas

242 2092 441 2142 interea
465 2099 517 2142 et
541 2096 758 2144 tacitum
787 2097 921 2145 vivit
947 2097 1042 2146 sub
1068 2102 1273 2161 pectore
1299 2098 1504 2149 volnus.

242 2180 427 2230 Uritur
453 2181 640 2230 infelix
668 2184 804 2231 Dido
826 2189 1038 2248 totaque
1060 2190 1278 2247 vagatur

240 2268 366 2315 urbe
394 2268 587 2330 furens,
619 2271 789 2333 qualis
819 2272 1050 2320 coniecta
1077 2287 1226 2320 cerva
1253 2272 1459 2335 sagitta,

243 2370 392 2416 quam
422 2356 600 2418 procul
628 2358 887 2406 incautam
916 2375 1127 2406 nemora
1151 2358 1286 2406 inter
1312 2359 1490 2408 Cresia
1514 2359 1635 2409 fixit

242 2446 419 2503 pastor
445 2458 602 2504 agens
632 2445 751 2493 telis
781 2445 1039 2508 liquitque
1066 2432 1279 2494 volatile
1309 2447 1501 2494 ferrum

241 2528 478 2591 nescius3
516 2529 611 2578 illa
639 2531 764 2592 fuga
790 2531 949 2580 silvas
978 2532 1243 2595 saltusque
1271 2539 1509 2595 peragrat

237 2613 509 2674 Dictaeos;
547 2615 726 2664 haeret
752 2616 902 2664 lateri
930 2617 1103 2667 letalis
1130 2619 1380 2666 harundo.

234 2692 388 2740 Nunc
414 2694 584 2741 media
608 2694 823 2742 Aenean
848 2712 1015 2743 secum
1045 2714 1136 2760 per
1162 2692 1363 2744 moenia
1387 2697 1533 2746 ducit

953 2805 988 2841 1.
1009 2804 1264 2851 peccoribzis.

1951 2371 1998 2410 7⁰
