2148 3204
227 123 296 176 80
767 138 821 175 P.
869 138 1127 176 VERGILI
1164 138 1445 177 MAnoms

225 276 440 339 Iamque
467 276 771 324 rubescebat
796 276 965 324 stellis
993 276 1196 325 Aurora
1220 277 1434 340 fugatis,

224 379 338 410 cum
365 363 546 426 procul
570 364 810 417 obscuros
835 364 984 412 collis
1010 364 1364 427 humilemque
1390 366 1628 414 videmus
1693 404 1698 410 .

224 451 451 499 ltaliam.
526 451 737 499 Italiam
763 450 962 514 primus
989 451 1277 499 conclamat
1301 453 1545 514 Achates,

224 538 434 587 Italiam
460 537 597 586 laeto
623 538 747 586 socii
772 538 993 586 clamore
1020 538 1263 587 salutant.

225 626 357 673 Tum
383 629 531 688 pater
556 625 813 674 Anchises
839 642 1084 687 magnum
1110 631 1312 675 cratera
1329 623 1525 677 *corona

222 711 396 761 induit
422 712 765 776 implevitque
791 729 932 761 mero
958 713 1212 777 divosque
1238 715 1448 763 vocavit

223 805 366 849 stans
393 800 530 848 celsa
554 800 608 847 in
634 801 826 864 puppi:

225 887 322 935 ‘Di
347 888 502 936 maris
530 893 581 935 et
605 892 774 936 terrae
799 893 1274 952 tempestatumque
1299 895 1554 953 potentes,

221 975 356 1023 ferte
380 975 516 1023 viam
547 980 702 1023 vento
728 976 938 1024 facilem
966 982 1017 1024 et
1044 976 1237 1039 spirate
1267 978 1478 1026 secundi
1498 981 1507 1026 1
1527 979 1539 1003 '

223 1062 563 1111 Crebrescunt
588 1068 795 1125 optatae
822 1080 991 1125 aurae,
1019 1070 1302 1127 portusque
1327 1066 1548 1127 patescit

221 1150 325 1198 iam
350 1149 572 1212 propior,
599 1150 955 1213 templumque
983 1158 1198 1214 apparet
1223 1153 1278 1199 111
1303 1154 1438 1200 Arce
1464 1153 1750 1203 Minervae.

219 1237 352 1287 Vela
373 1238 555 1299 legunt
582 1238 707 1285 socii
734 1243 785 1285 et
807 1254 984 1300 proras
1010 1239 1076 1286 ad
1101 1239 1257 1287 litora
1280 1244 1540 1302 torquent.

221 1326 410 1373 Portus
436 1325 500 1372 ab
523 1325 697 1373 Euroo
722 1325 884 1372 fluctu
909 1331 1151 1374 curvatus
1177 1326 1231 1373 in
1257 1342 1431 1374 arcum
1452 1345 1464 1389 ;

220 1412 449 1460 obiectae
476 1412 613 1460 salsa
641 1417 885 1475 spumant
912 1413 1221 1476 adspargine
1247 1419 1439 1475 cautes,

219 1499 331 1562 ipse
357 1499 512 1561 latet;
552 1499 756 1561 gemino
783 1500 1066 1548 demittunt
1091 1501 1332 1549 bracchia
1356 1518 1504 1549 muro

218 1586 396 1634 turriti
423 1587 636 1649 scopuli,
665 1588 965 1651 refugitque
992 1589 1057 1636 ab
1082 1588 1234 1636 litore
1259 1589 1528 1652 templum.

219 1675 472 1731 Quattuor
497 1674 595 1735 hic,
624 1675 849 1738 primum
877 1692 1040 1736 omen,
1070 1692 1226 1738 equos
1252 1676 1306 1723 111
1332 1677 1565 1739 gramine
1590 1677 1718 1739 vidi,

219 1761 483 1810 tondentis
510 1777 746 1825 campum
773 1763 892 1823 late,
921 1763 1140 1811 candore
1165 1764 1345 1813 nivali.

219 1850 289 1897 Et
315 1854 461 1912 pater
487 1850 766 1898 Anchises:
799 1839 1049 1912 (1301111111,
1078 1868 1106 1899 0
1131 1856 1271 1900 terra
1295 1851 1518 1915 hospita,
1546 1858 1721 1915 portas
1742 1872 1753 1915 3

219 1936 357 1985 bello
380 1941 646 1984 armantur
672 1937 806 2000 equi,
833 1937 1027 1986 bellum
1055 1939 1180 1986 haec
1207 1945 1438 1987 armenta
1464 1940 1745 1988 minantur.

221 2024 321 2072 Sed
346 2029 521 2076 tamen
546 2023 679 2072 idem
710 2025 833 2073 olim
859 2041 1012 2073 curru
1037 2027 1307 2075 succedere
1332 2026 1465 2075 sueti

220 2112 580 2174 quadrupedes
605 2117 657 2160 et
682 2113 832 2161 frena
857 2114 978 2176 iugo
1002 2114 1277 2162 concordia
1301 2114 1466 2162 ferre:

221 2214 337 2260 spes
364 2204 414 2246 et
439 2199 613 2262 pacis,'
640 2200 730 2249 ait.
756 2199 787 2267 1
808 2202 940 2248 Tum
965 2201 1180 2249 numina
1206 2206 1383 2249 sancta
1406 2217 1676 2264 precamur

221 2285 452 2334 Palladis
479 2271 780 2349 armisonae,
811 2305 941 2350 quae
967 2288 1135 2352 prima
1160 2287 1360 2352 accepit
1385 2289 1605 2349 ovantis,

221 2378 272 2420 et
297 2373 468 2435 capita
491 2379 610 2422 ante
636 2391 750 2423 aras
777 2376 1010 2439 Phrygio
1034 2376 1267 2423 velamur
1291 2376 1497 2435 amictu,

223 2460 612 2523 praeceptisque
638 2462 846 2524 Heleni,
874 2464 1088 2510 dederat
1114 2478 1245 2525 quae
1270 2463 1509 2524 maxima,
1536 2462 1635 2511 rite

224 2546 412 2594 Iunoni
437 2547 662 2609 Argivae
688 2550 855 2598 iussos
881 2550 1145 2598 adolemus
1171 2550 1403 2597 honores.

226 2634 381 2695 Haud
408 2651 562 2696 mora,
590 2636 835 2684 continuo
862 2637 1108 2700 perfectis
1135 2637 1314 2684 ordine
1340 2636 1475 2685 votis

223 2716 413 2769 cornua
438 2723 722 2770 velatarum
751 2724 1068 2772 obvertimus
1095 2729 1451 2772 antemnarum

224 2808 678 2871 Graiugenumque
705 2811 880 2859 domos
907 2817 1246 2873 suspectaque
1272 2811 1556 2872 linquimus
1582 2828 1720 2859 arva.

1911 639 1982 677 525

1908 1076 1982 1114 530

1907 1512 1975 1550 535

1904 1950 1975 1986 540

1904 2386 1974 2422 545
